<?xml version="1.0" encoding="UTF-8"?>
<!DOCTYPE html PUBLIC "-//W3C//DTD XHTML 1.0 Transitional//EN"
    "http://www.w3.org/TR/xhtml1/DTD/xhtml1-transitional.dtd">
<html xmlns="http://www.w3.org/1999/xhtml" xml:lang="en" lang="en">
 <head>
  <title>
</title>
<meta http-equiv="Content-Type" content="text/html;charset=utf-8" />
  <meta name='ocr-system' content='tesseract 3.04.00' />
  <meta name='ocr-capabilities' content='ocr_page ocr_carea ocr_par ocr_line ocrx_word'/>
</head>
<body>
  <div class='ocr_page' id='page_1' title='image "./corpusscriptoru13wiengoog/corpusscriptoru13wiengoog_0116.png"; bbox 0 0 3100 4967; ppageno 0'>
   <div class='ocr_carea' id='block_1_1' title="bbox 260 417 941 483">
    <p class='ocr_par' dir='ltr' id='par_1_1' title="bbox 260 417 941 483">
     <span class='ocr_line' id='line_1_1' title="bbox 260 417 941 483; baseline 0 -13"><span class='ocrx_word' id='word_1_1' title='bbox 260 421 301 483; x_wconf 86' lang='lat'>58</span> <span class='ocrx_word' id='word_1_2' title='bbox 612 470 615 475; x_wconf 70' lang='grc'>,</span> <span class='ocrx_word' id='word_1_3' title='bbox 740 417 941 470; x_wconf 78' lang='lat' dir='ltr'>Ambrosii</span> 
     </span>
    </p>
   </div>
   <div class='ocr_carea' id='block_1_2' title="bbox 203 610 1530 3358">
    <p class='ocr_par' dir='ltr' id='par_1_2' title="bbox 203 610 1530 3358">
     <span class='ocr_line' id='line_1_2' title="bbox 258 610 1403 697; baseline -0.001 -20"><span class='ocrx_word' id='word_1_4' title='bbox 258 610 378 677; x_wconf 78' lang='lat' dir='ltr'>Christi</span> <span class='ocrx_word' id='word_1_5' title='bbox 401 610 581 676; x_wconf 74' lang='lat' dir='ltr'>thensauris</span> <span class='ocrx_word' id='word_1_6' title='bbox 605 611 743 697; x_wconf 79' lang='lat' dir='ltr'>Aegypti</span> <span class='ocrx_word' id='word_1_7' title='bbox 765 612 940 695; x_wconf 84' lang='lat' dir='ltr'>pretiosius</span> <span class='ocrx_word' id='word_1_8' title='bbox 964 610 1170 676; x_wconf 84' lang='lat' dir='ltr'>aestimatum</span> <span class='ocrx_word' id='word_1_9' title='bbox 1195 613 1254 676; x_wconf 87' lang='lat' dir='ltr'>est.</span> <span class='ocrx_word' id='word_1_10' title='bbox 1279 615 1312 676; x_wconf 88' lang='lat' dir='ltr'>et</span> <span class='ocrx_word' id='word_1_11' title='bbox 1333 611 1403 676; x_wconf 89' lang='lat' dir='ltr'>iden</span> 
     </span>
     <span class='ocr_line' id='line_1_3' title="bbox 256 717 1402 802; baseline 0 -21"><span class='ocrx_word' id='word_1_12' title='bbox 256 718 385 801; x_wconf 83' lang='lat' dir='ltr'>Moyses</span> <span class='ocrx_word' id='word_1_13' title='bbox 409 718 530 801; x_wconf 85' lang='lat' dir='ltr'>Pharao</span> <span class='ocrx_word' id='word_1_14' title='bbox 549 719 634 802; x_wconf 88' lang='lat' dir='ltr'>regis</span> <span class='ocrx_word' id='word_1_15' title='bbox 654 719 759 782; x_wconf 88' lang='lat' dir='ltr'>aulam</span> <span class='ocrx_word' id='word_1_16' title='bbox 778 719 909 800; x_wconf 81' lang='lat' dir='ltr'>reliquit</span> <span class='ocrx_word' id='word_1_17' title='bbox 927 721 959 782; x_wconf 89' lang='lat' dir='ltr'>et</span> <span class='ocrx_word' id='word_1_18' title='bbox 978 718 1053 783; x_wconf 89' lang='lat' dir='ltr'>fidei</span> <span class='ocrx_word' id='word_1_19' title='bbox 1072 719 1171 801; x_wconf 86' lang='lat' dir='ltr'>elegit</span> <span class='ocrx_word' id='word_1_20' title='bbox 1189 717 1402 800; x_wconf 83' lang='lat' dir='ltr'>obprobrium,</span> 
     </span>
     <span class='ocr_line' id='line_1_4' title="bbox 258 823 1403 908; baseline -0.001 -19"><span class='ocrx_word' id='word_1_21' title='bbox 258 825 310 889; x_wconf 89' lang='lat' dir='ltr'>eui</span> <span class='ocrx_word' id='word_1_22' title='bbox 333 843 367 888; x_wconf 91' lang='lat' dir='ltr'>se</span> <span class='ocrx_word' id='word_1_23' title='bbox 390 825 558 906; x_wconf 87' lang='lat' dir='ltr'>obprobrio</span> <span class='ocrx_word' id='word_1_24' title='bbox 581 825 682 888; x_wconf 90' lang='lat' dir='ltr'>maria</span> <span class='ocrx_word' id='word_1_25' title='bbox 701 824 897 888; x_wconf 90' lang='lat' dir='ltr'>diuidehant.</span> <span class='ocrx_word' id='word_1_26' title='bbox 917 824 986 907; x_wconf 88' lang='lat' dir='ltr'>ipse</span> <span class='ocrx_word' id='word_1_27' title='bbox 1006 842 1081 908; x_wconf 87' lang='lat' dir='ltr'>ergo</span> <span class='ocrx_word' id='word_1_28' title='bbox 1101 823 1309 906; x_wconf 90' lang='lat' dir='ltr'>Nephthalim</span> <span class='ocrx_word' id='word_1_29' title='bbox 1328 824 1403 888; x_wconf 90' lang='lat' dir='ltr'>uitis</span> 
     </span>
     <span class='ocr_line' id='line_1_5' title="bbox 255 930 1404 1014; baseline -0.002 -18"><span class='ocrx_word' id='word_1_30' title='bbox 255 935 361 996; x_wconf 89' lang='lat' dir='ltr'>totum</span> <span class='ocrx_word' id='word_1_31' title='bbox 389 931 522 996; x_wconf 89' lang='lat' dir='ltr'>remissa</span> <span class='ocrx_word' id='word_1_32' title='bbox 548 950 604 1012; x_wconf 91' lang='lat' dir='ltr'>per</span> <span class='ocrx_word' id='word_1_33' title='bbox 630 930 797 1008; x_wconf 91' lang='lat' dir='ltr'>muudum,</span> <span class='ocrx_word' id='word_1_34' title='bbox 825 933 863 994; x_wconf 92' lang='lat' dir='ltr'>ut</span> <span class='ocrx_word' id='word_1_35' title='bbox 891 931 1038 996; x_wconf 88' lang='lat' dir='ltr'>omnihus</span> <span class='ocrx_word' id='word_1_36' title='bbox 1066 931 1195 1014; x_wconf 89' lang='lat' dir='ltr'>populis</span> <span class='ocrx_word' id='word_1_37' title='bbox 1227 931 1404 996; x_wconf 82' lang='lat' dir='ltr'>ubertatem</span> 
     </span>
     <span class='ocr_line' id='line_1_6' title="bbox 256 1037 1445 1121; baseline 0.002 -18"><span class='ocrx_word' id='word_1_38' title='bbox 256 1037 365 1121; x_wconf 84' lang='lat' dir='ltr'>poculi</span> <span class='ocrx_word' id='word_1_39' title='bbox 388 1037 541 1120; x_wconf 88' lang='lat' dir='ltr'>spiritalis</span> <span class='ocrx_word' id='word_1_40' title='bbox 565 1037 755 1118; x_wconf 85' lang='lat' dir='ltr'>infunderet,</span> <span class='ocrx_word' id='word_1_41' title='bbox 780 1037 848 1118; x_wconf 90' lang='lat' dir='ltr'>ipse</span> <span class='ocrx_word' id='word_1_42' title='bbox 873 1041 922 1102; x_wconf 90' lang='lat' dir='ltr'>est</span> <span class='ocrx_word' id='word_1_43' title='bbox 946 1037 1128 1120; x_wconf 72' lang='lat' dir='ltr'>ampliatur,</span> <span class='ocrx_word' id='word_1_44' title='bbox 1153 1037 1272 1102; x_wconf 86' lang='lat' dir='ltr'>hahens</span> <span class='ocrx_word' id='word_1_45' title='bbox 1292 1057 1404 1102; x_wconf 89' lang='lat' dir='ltr'>nomen</span> <span class='ocrx_word' id='word_1_46' title='bbox 1433 1065 1445 1106; x_wconf 81' lang='lat' dir='ltr'>r</span> 
     </span>
     <span class='ocr_line' id='line_1_7' title="bbox 257 1144 1406 1227; baseline -0.001 -19"><span class='ocrx_word' id='word_1_47' title='bbox 257 1164 353 1227; x_wconf 89' lang='lat' dir='ltr'>super</span> <span class='ocrx_word' id='word_1_48' title='bbox 367 1163 459 1208; x_wconf 90' lang='lat' dir='ltr'>omne</span> <span class='ocrx_word' id='word_1_49' title='bbox 474 1163 599 1220; x_wconf 86' lang='lat' dir='ltr'>nomen,</span> <span class='ocrx_word' id='word_1_50' title='bbox 621 1145 846 1227; x_wconf 86' lang='lat' dir='ltr'>quiquoniam</span> <span class='ocrx_word' id='word_1_51' title='bbox 867 1163 901 1208; x_wconf 92' lang='lat' dir='ltr'>se</span> <span class='ocrx_word' id='word_1_52' title='bbox 920 1163 976 1226; x_wconf 91' lang='lat' dir='ltr'>pro</span> <span class='ocrx_word' id='word_1_53' title='bbox 998 1144 1145 1209; x_wconf 89' lang='lat' dir='ltr'>omnihus</span> <span class='ocrx_word' id='word_1_54' title='bbox 1166 1145 1283 1209; x_wconf 89' lang='lat' dir='ltr'>obtulit</span> <span class='ocrx_word' id='word_1_55' title='bbox 1301 1144 1406 1218; x_wconf 87' lang='lat' dir='ltr'>morti,</span> 
     </span>
     <span class='ocr_line' id='line_1_8' title="bbox 256 1249 1464 1334; baseline 0.006 -21"><span class='ocrx_word' id='word_1_56' title='bbox 256 1249 327 1315; x_wconf 91' lang='lat' dir='ltr'>ideo</span> <span class='ocrx_word' id='word_1_57' title='bbox 352 1252 442 1314; x_wconf 89' lang='lat' dir='ltr'>audit</span> <span class='ocrx_word' id='word_1_58' title='bbox 465 1270 483 1314; x_wconf 89' lang='lat' dir='ltr'>a</span> <span class='ocrx_word' id='word_1_59' title='bbox 506 1253 615 1333; x_wconf 89' lang='lat' dir='ltr'>patre:</span> <span class='ocrx_word' id='word_1_60' title='bbox 639 1251 685 1314; x_wconf 91' lang='lat' dir='ltr'>ad</span> <span class='ocrx_word' id='word_1_61' title='bbox 709 1271 767 1316; x_wconf 89' lang='lat' dir='ltr'>me</span> <span class='ocrx_word' id='word_1_62' title='bbox 791 1254 1013 1316; x_wconf 90' lang='lat' dir='ltr'>reuertere.</span> <span class='ocrx_word' id='word_1_63' title='bbox 1038 1251 1228 1334; x_wconf 85' lang='lat' dir='ltr'>loquebatur</span> <span class='ocrx_word' id='word_1_64' title='bbox 1250 1251 1344 1316; x_wconf 87' lang='lat' dir='ltr'>laceb</span> <span class='ocrx_word' id='word_1_65' title='bbox 1374 1255 1406 1316; x_wconf 91' lang='lat' dir='ltr'>et</span> <span class='ocrx_word' id='word_1_66' title='bbox 1446 1267 1464 1320; x_wconf 76' lang='lat' dir='ltr'>l</span> 
     </span>
     <span class='ocr_line' id='line_1_9' title="bbox 257 1356 1406 1441; baseline 0 -21"><span class='ocrx_word' id='word_1_67' title='bbox 257 1356 335 1422; x_wconf 90' lang='lat' dir='ltr'>deus</span> <span class='ocrx_word' id='word_1_68' title='bbox 371 1357 569 1422; x_wconf 79' lang='lat' dir='ltr'>audiebatur.</span> <span class='ocrx_word' id='word_1_69' title='bbox 611 1358 666 1422; x_wconf 91' lang='lat' dir='ltr'>ille</span> <span class='ocrx_word' id='word_1_70' title='bbox 708 1357 917 1422; x_wconf 86' lang='lat' dir='ltr'>benedicebat</span> <span class='ocrx_word' id='word_1_71' title='bbox 958 1361 991 1420; x_wconf 88' lang='lat' dir='ltr'>et</span> <span class='ocrx_word' id='word_1_72' title='bbox 1032 1358 1179 1422; x_wconf 89' lang='lat' dir='ltr'>domiuus</span> <span class='ocrx_word' id='word_1_73' title='bbox 1217 1358 1406 1441; x_wconf 86' lang='lat' dir='ltr'>personabat</span> 
     </span>
     <span class='ocr_line' id='line_1_10' title="bbox 257 1463 1405 1548; baseline 0.002 -20"><span class='ocrx_word' id='word_1_74' title='bbox 257 1465 364 1528; x_wconf 86' lang='lat' dir='ltr'>dicens</span> <span class='ocrx_word' id='word_1_75' title='bbox 375 1463 456 1529; x_wconf 88' lang='lat' dir='ltr'>filie:</span> <span class='ocrx_word' id='word_1_76' title='bbox 472 1465 588 1529; x_wconf 89' lang='lat' dir='ltr'>adme</span> <span class='ocrx_word' id='word_1_77' title='bbox 603 1468 765 1530; x_wconf 88' lang='lat' dir='ltr'>reuerte</span> <span class='ocrx_word' id='word_1_78' title='bbox 775 1485 822 1542; x_wconf 89' lang='lat' dir='ltr'>re,</span> <span class='ocrx_word' id='word_1_79' title='bbox 834 1465 894 1530; x_wconf 89' lang='lat' dir='ltr'>hoc</span> <span class='ocrx_word' id='word_1_80' title='bbox 905 1469 955 1530; x_wconf 91' lang='lat' dir='ltr'>est</span> <span class='ocrx_word' id='word_1_81' title='bbox 964 1469 1038 1547; x_wconf 91' lang='lat' dir='ltr'>post</span> <span class='ocrx_word' id='word_1_82' title='bbox 1047 1465 1228 1548; x_wconf 89' lang='lat' dir='ltr'>passionem</span> <span class='ocrx_word' id='word_1_83' title='bbox 1238 1467 1405 1530; x_wconf 87' lang='lat' dir='ltr'>reuertere.</span> 
     </span>
     <span class='ocr_line' id='line_1_11' title="bbox 255 1569 1447 1655; baseline 0.005 -21"><span class='ocrx_word' id='word_1_84' title='bbox 255 1574 415 1635; x_wconf 87' lang='lat' dir='ltr'>reuertere</span> <span class='ocrx_word' id='word_1_85' title='bbox 439 1570 479 1635; x_wconf 90' lang='lat' dir='ltr'>ad</span> <span class='ocrx_word' id='word_1_86' title='bbox 502 1571 610 1635; x_wconf 89' lang='lat' dir='ltr'>sedem</span> <span class='ocrx_word' id='word_1_87' title='bbox 633 1575 733 1648; x_wconf 87' lang='lat' dir='ltr'>tuam,</span> <span class='ocrx_word' id='word_1_88' title='bbox 756 1575 915 1636; x_wconf 88' lang='lat' dir='ltr'>reuertere</span> <span class='ocrx_word' id='word_1_89' title='bbox 939 1591 1012 1636; x_wconf 86' lang='lat' dir='ltr'>oum</span> <span class='ocrx_word' id='word_1_90' title='bbox 1032 1575 1171 1655; x_wconf 75' lang='lat' dir='ltr'>tropeien,</span> <span class='ocrx_word' id='word_1_91' title='bbox 1190 1574 1349 1636; x_wconf 90' lang='lat' dir='ltr'>reuertere</span> <span class='ocrx_word' id='word_1_92' title='bbox 1368 1569 1406 1634; x_wconf 90' lang='lat' dir='ltr'>ad</span> <span class='ocrx_word' id='word_1_93' title='bbox 1424 1601 1447 1640; x_wconf 83' lang='grc' dir='ltr'>ιο</span> 
     </span>
     <span class='ocr_line' id='line_1_12' title="bbox 255 1678 1406 1762; baseline -0.002 -20"><span class='ocrx_word' id='word_1_94' title='bbox 255 1697 317 1756; x_wconf 89' lang='lat' dir='ltr'>me,</span> <span class='ocrx_word' id='word_1_95' title='bbox 351 1682 388 1742; x_wconf 92' lang='lat' dir='ltr'>ut</span> <span class='ocrx_word' id='word_1_96' title='bbox 420 1682 452 1742; x_wconf 90' lang='lat' dir='ltr'>te</span> <span class='ocrx_word' id='word_1_97' title='bbox 484 1684 703 1762; x_wconf 84' lang='lat' dir='ltr'>resurgentem</span> <span class='ocrx_word' id='word_1_98' title='bbox 732 1678 873 1744; x_wconf 80' lang='lat' dir='ltr'>defuncti</span> <span class='ocrx_word' id='word_1_99' title='bbox 903 1681 1078 1761; x_wconf 86' lang='lat' dir='ltr'>sequantur</span> <span class='ocrx_word' id='word_1_100' title='bbox 1106 1682 1138 1743; x_wconf 91' lang='lat' dir='ltr'>et</span> <span class='ocrx_word' id='word_1_101' title='bbox 1165 1681 1221 1743; x_wconf 89' lang='lat' dir='ltr'>tua</span> <span class='ocrx_word' id='word_1_102' title='bbox 1247 1680 1406 1761; x_wconf 87' lang='lat' dir='ltr'>potestate</span> 
     </span>
     <span class='ocr_line' id='line_1_13' title="bbox 255 1784 1407 1870; baseline -0.001 -22"><span class='ocrx_word' id='word_1_103' title='bbox 255 1786 372 1867; x_wconf 89' lang='lat' dir='ltr'>pariter</span> <span class='ocrx_word' id='word_1_104' title='bbox 409 1788 504 1867; x_wconf 88' lang='lat' dir='ltr'>atque</span> <span class='ocrx_word' id='word_1_105' title='bbox 542 1785 684 1867; x_wconf 82' lang='lat' dir='ltr'>exemplo</span> <span class='ocrx_word' id='word_1_106' title='bbox 721 1789 900 1869; x_wconf 87' lang='lat' dir='ltr'>resurgant,</span> <span class='ocrx_word' id='word_1_107' title='bbox 939 1789 977 1850; x_wconf 93' lang='lat' dir='ltr'>ut</span> <span class='ocrx_word' id='word_1_108' title='bbox 1013 1787 1070 1850; x_wconf 88' lang='lat' dir='ltr'>lias</span> <span class='ocrx_word' id='word_1_109' title='bbox 1101 1784 1336 1870; x_wconf 87' lang='lat' dir='ltr'>primogenitus</span> <span class='ocrx_word' id='word_1_110' title='bbox 1370 1803 1407 1847; x_wconf 87' lang='lat' dir='ltr'>ex</span> 
     </span>
     <span class='ocr_line' id='line_1_14' title="bbox 257 1891 1405 1976; baseline -0.001 -22"><span class='ocrx_word' id='word_1_111' title='bbox 257 1891 404 1968; x_wconf 87' lang='lat' dir='ltr'>mortuis,</span> <span class='ocrx_word' id='word_1_112' title='bbox 434 1895 471 1955; x_wconf 92' lang='lat' dir='ltr'>ut</span> <span class='ocrx_word' id='word_1_113' title='bbox 498 1892 537 1956; x_wconf 90' lang='lat' dir='ltr'>ad</span> <span class='ocrx_word' id='word_1_114' title='bbox 567 1891 726 1956; x_wconf 86' lang='lat' dir='ltr'>dexteram</span> <span class='ocrx_word' id='word_1_115' title='bbox 755 1893 867 1958; x_wconf 87' lang='lat' dir='ltr'>sedeas</span> <span class='ocrx_word' id='word_1_116' title='bbox 896 1894 1006 1976; x_wconf 90' lang='lat' dir='ltr'>patris.</span> <span class='ocrx_word' id='word_1_117' title='bbox 1034 1891 1119 1957; x_wconf 88' lang='lat' dir='ltr'>unde</span> <span class='ocrx_word' id='word_1_118' title='bbox 1143 1895 1176 1956; x_wconf 89' lang='lat' dir='ltr'>et</span> <span class='ocrx_word' id='word_1_119' title='bbox 1198 1891 1284 1956; x_wconf 90' lang='lat' dir='ltr'>lilius</span> <span class='ocrx_word' id='word_1_120' title='bbox 1309 1891 1405 1954; x_wconf 83' lang='lat' dir='ltr'>dixit:</span> 
     </span>
     <span class='ocr_line' id='line_1_15' title="bbox 256 1997 1405 2064; baseline -0.003 -2"><span class='ocrx_word' id='word_1_121' title='bbox 256 1997 395 2062; x_wconf 90' lang='lat' dir='ltr'>amodo</span> <span class='ocrx_word' id='word_1_122' title='bbox 420 1998 627 2063; x_wconf 88' lang='lat' dir='ltr'>uidebitis</span> <span class='ocrx_word' id='word_1_123' title='bbox 649 1999 789 2064; x_wconf 84' lang='lat' dir='ltr'>lilium</span> <span class='ocrx_word' id='word_1_124' title='bbox 812 1999 987 2064; x_wconf 90' lang='lat' dir='ltr'>hominis</span> <span class='ocrx_word' id='word_1_125' title='bbox 1013 1999 1222 2064; x_wconf 88' lang='lat' dir='ltr'>sedentem</span> <span class='ocrx_word' id='word_1_126' title='bbox 1247 1997 1292 2062; x_wconf 88' lang='lat' dir='ltr'>ad</span> <span class='ocrx_word' id='word_1_127' title='bbox 1322 1997 1405 2061; x_wconf 82' lang='lat' dir='ltr'>der·</span> 
     </span>
     <span class='ocr_line' id='line_1_16' title="bbox 203 2101 1446 2190; baseline 0.006 -28"><span class='ocrx_word' id='word_1_128' title='bbox 203 2101 382 2168; x_wconf 79' lang='lat' dir='ltr'>l2teram</span> <span class='ocrx_word' id='word_1_129' title='bbox 411 2105 597 2171; x_wconf 87' lang='lat' dir='ltr'>uirtutis.</span> <span class='ocrx_word' id='word_1_130' title='bbox 625 2109 721 2190; x_wconf 89' lang='lat' dir='ltr'>neget</span> <span class='ocrx_word' id='word_1_131' title='bbox 748 2106 820 2189; x_wconf 90' lang='lat' dir='ltr'>quis</span> <span class='ocrx_word' id='word_1_132' title='bbox 850 2106 979 2172; x_wconf 85' lang='lat' dir='ltr'>beatum</span> <span class='ocrx_word' id='word_1_133' title='bbox 1007 2106 1102 2171; x_wconf 85' lang='lat' dir='ltr'>Iacob</span> <span class='ocrx_word' id='word_1_134' title='bbox 1131 2105 1164 2169; x_wconf 90' lang='lat' dir='ltr'>in</span> <span class='ocrx_word' id='word_1_135' title='bbox 1191 2105 1262 2187; x_wconf 90' lang='lat' dir='ltr'>ipse</span> <span class='ocrx_word' id='word_1_136' title='bbox 1291 2104 1404 2168; x_wconf 89' lang='lat' dir='ltr'>mortis</span> <span class='ocrx_word' id='word_1_137' title='bbox 1424 2131 1446 2170; x_wconf 65' lang='grc' dir='ltr'>ιε</span> 
     </span>
     <span class='ocr_line' id='line_1_17' title="bbox 256 2211 1530 2306; baseline -0.001 -30"><span class='ocrx_word' id='word_1_138' title='bbox 256 2230 416 2294; x_wconf 89' lang='lat' dir='ltr'>supremo,</span> <span class='ocrx_word' id='word_1_139' title='bbox 440 2212 494 2294; x_wconf 92' lang='lat' dir='ltr'>qui</span> <span class='ocrx_word' id='word_1_140' title='bbox 518 2213 626 2276; x_wconf 92' lang='lat' dir='ltr'>diuina</span> <span class='ocrx_word' id='word_1_141' title='bbox 648 2212 802 2277; x_wconf 80' lang='lat' dir='ltr'>fundebat</span> <span class='ocrx_word' id='word_1_142' title='bbox 826 2213 979 2279; x_wconf 82' lang='lat' dir='ltr'>oracula?</span> <span class='ocrx_word' id='word_1_143' title='bbox 1008 2215 1105 2298; x_wconf 90' lang='lat' dir='ltr'>neget</span> <span class='ocrx_word' id='word_1_144' title='bbox 1130 2211 1260 2276; x_wconf 90' lang='lat' dir='ltr'>beatum</span> <span class='ocrx_word' id='word_1_145' title='bbox 1289 2211 1405 2295; x_wconf 91' lang='lat' dir='ltr'>Ioseph</span> <span class='ocrx_word' id='word_1_146' title='bbox 1447 2225 1530 2306; x_wconf 48' lang='lat' dir='ltr'>trra¹</span> 
     </span>
     <span class='ocr_line' id='line_1_18' title="bbox 255 2317 1406 2402; baseline 0.002 -22"><span class='ocrx_word' id='word_1_147' title='bbox 255 2317 287 2381; x_wconf 93' lang='lat' dir='ltr'>iu</span> <span class='ocrx_word' id='word_1_148' title='bbox 315 2337 448 2396; x_wconf 81' lang='lat' dir='ltr'>earcere,</span> <span class='ocrx_word' id='word_1_149' title='bbox 477 2319 532 2383; x_wconf 92' lang='lat' dir='ltr'>ubi</span> <span class='ocrx_word' id='word_1_150' title='bbox 562 2319 736 2400; x_wconf 88' lang='lat' dir='ltr'>sapientiae</span> <span class='ocrx_word' id='word_1_151' title='bbox 764 2318 879 2402; x_wconf 90' lang='lat' dir='ltr'>spiritu</span> <span class='ocrx_word' id='word_1_152' title='bbox 912 2319 1179 2401; x_wconf 83' lang='lat' dir='ltr'>interpretabatur</span> <span class='ocrx_word' id='word_1_153' title='bbox 1211 2319 1406 2384; x_wconf 88' lang='lat' dir='ltr'>somniorum</span> 
     </span>
     <span class='ocr_line' id='line_1_19' title="bbox 256 2424 1407 2509; baseline 0 -21"><span class='ocrx_word' id='word_1_154' title='bbox 256 2443 337 2505; x_wconf 90' lang='lat' dir='ltr'>quae</span> <span class='ocrx_word' id='word_1_155' title='bbox 356 2424 498 2489; x_wconf 89' lang='lat' dir='ltr'>audierat</span> <span class='ocrx_word' id='word_1_156' title='bbox 517 2426 685 2489; x_wconf 88' lang='lat' dir='ltr'>ueritatem</span> <span class='ocrx_word' id='word_1_157' title='bbox 704 2429 736 2490; x_wconf 89' lang='lat' dir='ltr'>et</span> <span class='ocrx_word' id='word_1_158' title='bbox 755 2427 934 2491; x_wconf 85' lang='lat' dir='ltr'>futurorum</span> <span class='ocrx_word' id='word_1_159' title='bbox 958 2427 1073 2492; x_wconf 88' lang='lat' dir='ltr'>seriem</span> <span class='ocrx_word' id='word_1_160' title='bbox 1097 2425 1287 2490; x_wconf 87' lang='lat' dir='ltr'>reuelabat?</span> <span class='ocrx_word' id='word_1_161' title='bbox 1311 2429 1407 2509; x_wconf 88' lang='lat' dir='ltr'>neget</span> 
     </span>
     <span class='ocr_line' id='line_1_20' title="bbox 255 2530 1404 2610; baseline 0.001 -16"><span class='ocrx_word' id='word_1_162' title='bbox 255 2530 384 2596; x_wconf 89' lang='lat' dir='ltr'>beatum</span> <span class='ocrx_word' id='word_1_163' title='bbox 419 2531 557 2606; x_wconf 77' lang='lat' dir='ltr'>Esaiam,</span> <span class='ocrx_word' id='word_1_164' title='bbox 596 2551 669 2596; x_wconf 86' lang='lat' dir='ltr'>errrn</span> <span class='ocrx_word' id='word_1_165' title='bbox 706 2533 831 2597; x_wconf 90' lang='lat' dir='ltr'>medius</span> <span class='ocrx_word' id='word_1_166' title='bbox 871 2535 1040 2608; x_wconf 78' lang='lat' dir='ltr'>sedaretur,</span> <span class='ocrx_word' id='word_1_167' title='bbox 1083 2531 1289 2610; x_wconf 85' lang='lat' dir='ltr'>Hieremiam,</span> <span class='ocrx_word' id='word_1_168' title='bbox 1331 2551 1404 2597; x_wconf 84' lang='lat' dir='ltr'>eum</span> 
     </span>
     <span class='ocr_line' id='line_1_21' title="bbox 255 2637 1446 2721; baseline 0.005 -21"><span class='ocrx_word' id='word_1_169' title='bbox 255 2642 460 2721; x_wconf 85' lang='lat' dir='ltr'>mergeretur,</span> <span class='ocrx_word' id='word_1_170' title='bbox 487 2638 623 2702; x_wconf 87' lang='lat' dir='ltr'>Danihel</span> <span class='ocrx_word' id='word_1_171' title='bbox 651 2642 808 2716; x_wconf 77' lang='lat' dir='ltr'>sarlatum,</span> <span class='ocrx_word' id='word_1_172' title='bbox 838 2657 911 2702; x_wconf 90' lang='lat' dir='ltr'>eum</span> <span class='ocrx_word' id='word_1_173' title='bbox 939 2639 1022 2702; x_wconf 92' lang='lat' dir='ltr'>inter</span> <span class='ocrx_word' id='word_1_174' title='bbox 1049 2639 1157 2702; x_wconf 91' lang='lat' dir='ltr'>leones</span> <span class='ocrx_word' id='word_1_175' title='bbox 1188 2639 1288 2702; x_wconf 87' lang='lat' dir='ltr'>staret</span> <span class='ocrx_word' id='word_1_176' title='bbox 1310 2637 1405 2700; x_wconf 90' lang='lat' dir='ltr'>intre·</span> <span class='ocrx_word' id='word_1_177' title='bbox 1422 2667 1446 2706; x_wconf 80' lang='lat' dir='ltr'>se</span> 
     </span>
     <span class='ocr_line' id='line_1_22' title="bbox 254 2743 1404 2828; baseline 0.003 -23"><span class='ocrx_word' id='word_1_178' title='bbox 254 2743 349 2826; x_wconf 90' lang='lat' dir='ltr'>pidna</span> <span class='ocrx_word' id='word_1_179' title='bbox 378 2747 410 2808; x_wconf 90' lang='lat' dir='ltr'>et</span> <span class='ocrx_word' id='word_1_180' title='bbox 436 2744 603 2827; x_wconf 89' lang='lat' dir='ltr'>prandium</span> <span class='ocrx_word' id='word_1_181' title='bbox 633 2745 660 2808; x_wconf 90' lang='lat' dir='ltr'>ei</span> <span class='ocrx_word' id='word_1_182' title='bbox 694 2750 803 2828; x_wconf 90' lang='lat' dir='ltr'>raptus</span> <span class='ocrx_word' id='word_1_183' title='bbox 837 2745 875 2808; x_wconf 90' lang='lat' dir='ltr'>ab</span> <span class='ocrx_word' id='word_1_184' title='bbox 910 2745 1022 2828; x_wconf 88' lang='lat' dir='ltr'>angelo</span> <span class='ocrx_word' id='word_1_185' title='bbox 1055 2744 1211 2826; x_wconf 90' lang='lat' dir='ltr'>propheta</span> <span class='ocrx_word' id='word_1_186' title='bbox 1244 2743 1404 2808; x_wconf 83' lang='lat' dir='ltr'>deferret?</span> 
     </span>
     <span class='ocr_line' id='line_1_23' title="bbox 254 2849 1404 2933; baseline -0.002 -19"><span class='ocrx_word' id='word_1_187' title='bbox 254 2869 316 2914; x_wconf 87' lang='lat' dir='ltr'>uon</span> <span class='ocrx_word' id='word_1_188' title='bbox 347 2851 460 2932; x_wconf 92' lang='lat' dir='ltr'>utique</span> <span class='ocrx_word' id='word_1_189' title='bbox 491 2851 563 2914; x_wconf 88' lang='lat' dir='ltr'>ideo</span> <span class='ocrx_word' id='word_1_190' title='bbox 597 2851 720 2926; x_wconf 87' lang='lat' dir='ltr'>heatus,</span> <span class='ocrx_word' id='word_1_191' title='bbox 754 2851 828 2932; x_wconf 91' lang='lat' dir='ltr'>quia</span> <span class='ocrx_word' id='word_1_192' title='bbox 860 2851 999 2915; x_wconf 84' lang='lat' dir='ltr'>alienum</span> <span class='ocrx_word' id='word_1_193' title='bbox 1027 2849 1200 2933; x_wconf 86' lang='lat' dir='ltr'>prandebat</span> <span class='ocrx_word' id='word_1_194' title='bbox 1226 2849 1404 2932; x_wconf 88' lang='lat' dir='ltr'>prandium,</span> 
     </span>
     <span class='ocr_line' id='line_1_24' title="bbox 255 2955 1404 3040; baseline 0 -20"><span class='ocrx_word' id='word_1_195' title='bbox 255 2957 311 3021; x_wconf 91' lang='lat' dir='ltr'>sed</span> <span class='ocrx_word' id='word_1_196' title='bbox 344 2958 418 3039; x_wconf 91' lang='lat' dir='ltr'>quia</span> <span class='ocrx_word' id='word_1_197' title='bbox 449 2958 571 3022; x_wconf 88' lang='lat' dir='ltr'>meritis</span> <span class='ocrx_word' id='word_1_198' title='bbox 605 2958 673 3022; x_wconf 87' lang='lat' dir='ltr'>suis</span> <span class='ocrx_word' id='word_1_199' title='bbox 705 2959 832 3040; x_wconf 88' lang='lat' dir='ltr'>inpasta</span> <span class='ocrx_word' id='word_1_200' title='bbox 863 2960 993 3023; x_wconf 87' lang='lat' dir='ltr'>leonum</span> <span class='ocrx_word' id='word_1_201' title='bbox 1026 2977 1080 3022; x_wconf 89' lang='lat' dir='ltr'>ora</span> <span class='ocrx_word' id='word_1_202' title='bbox 1116 2955 1296 3021; x_wconf 80' lang='lat' dir='ltr'>claudebat.</span> <span class='ocrx_word' id='word_1_203' title='bbox 1333 2957 1404 3038; x_wconf 92' lang='lat' dir='ltr'>quis</span> 
     </span>
     <span class='ocr_line' id='line_1_25' title="bbox 256 3064 1464 3146; baseline -0.002 -18"><span class='ocrx_word' id='word_1_204' title='bbox 256 3065 362 3128; x_wconf 89' lang='lat' dir='ltr'>autem</span> <span class='ocrx_word' id='word_1_205' title='bbox 382 3084 443 3128; x_wconf 92' lang='lat' dir='ltr'>non</span> <span class='ocrx_word' id='word_1_206' title='bbox 461 3064 587 3128; x_wconf 88' lang='lat' dir='ltr'>beatam</span> <span class='ocrx_word' id='word_1_207' title='bbox 607 3064 721 3128; x_wconf 84' lang='lat' dir='ltr'>dixerit</span> <span class='ocrx_word' id='word_1_208' title='bbox 738 3067 872 3128; x_wconf 89' lang='lat' dir='ltr'>matrem</span> <span class='ocrx_word' id='word_1_209' title='bbox 888 3064 1164 3140; x_wconf 87' lang='lat' dir='ltr'>Maehabaeomm,</span> <span class='ocrx_word' id='word_1_210' title='bbox 1186 3081 1266 3144; x_wconf 89' lang='lat' dir='ltr'>quae</span> <span class='ocrx_word' id='word_1_211' title='bbox 1281 3069 1404 3146; x_wconf 89' lang='lat' dir='ltr'>septem</span> <span class='ocrx_word' id='word_1_212' title='bbox 1445 3073 1464 3126; x_wconf 87' lang='lat' dir='ltr'><strong>B</strong></span> 
     </span>
     <span class='ocr_line' id='line_1_26' title="bbox 254 3168 1528 3240; baseline 0.001 -8"><span class='ocrx_word' id='word_1_213' title='bbox 254 3169 393 3234; x_wconf 88' lang='lat' dir='ltr'>filiorum</span> <span class='ocrx_word' id='word_1_214' title='bbox 425 3170 589 3235; x_wconf 87' lang='lat' dir='ltr'>funeribus</span> <span class='ocrx_word' id='word_1_215' title='bbox 623 3175 771 3235; x_wconf 84' lang='lat' dir='ltr'>octauam</span> <span class='ocrx_word' id='word_1_216' title='bbox 804 3190 837 3234; x_wconf 87' lang='lat' dir='ltr'>se</span> <span class='ocrx_word' id='word_1_217' title='bbox 871 3170 994 3236; x_wconf 88' lang='lat' dir='ltr'>addidit</span> <span class='ocrx_word' id='word_1_218' title='bbox 1026 3169 1065 3234; x_wconf 90' lang='lat' dir='ltr'>ad</span> <span class='ocrx_word' id='word_1_219' title='bbox 1096 3168 1225 3234; x_wconf 85' lang='lat' dir='ltr'>laudem</span> <span class='ocrx_word' id='word_1_220' title='bbox 1254 3169 1402 3234; x_wconf 83' lang='lat' dir='ltr'>caelestis</span> <span class='ocrx_word' id='word_1_221' title='bbox 1421 3201 1444 3240; x_wconf 67' lang='lat' dir='ltr'>a</span> <span class='ocrx_word' id='word_1_222' title='bbox 1527 3179 1528 3192; x_wconf 63' lang='lat'>¹</span> 
     </span>
     <span class='ocr_line' id='line_1_27' title="bbox 254 3275 1119 3358; baseline 0.001 -19"><span class='ocrx_word' id='word_1_223' title='bbox 254 3275 433 3358; x_wconf 82' lang='lat' dir='ltr'>triumphi?</span> <span class='ocrx_word' id='word_1_224' title='bbox 1115 3287 1119 3296; x_wconf 90' lang='lat'>&#39;</span> 
     </span>
    </p>
   </div>
   <div class='ocr_carea' id='block_1_3' title="bbox 255 3534 1402 3782">
    <p class='ocr_par' dir='ltr' id='par_1_3' title="bbox 255 3534 1402 3782">
     <span class='ocr_line' id='line_1_28' title="bbox 345 3534 1401 3605; baseline 0 -17"><span class='ocrx_word' id='word_1_225' title='bbox 345 3535 562 3598; x_wconf 71' lang='lat' dir='ltr'>annuale</span> <span class='ocrx_word' id='word_1_226' title='bbox 632 3535 787 3605; x_wconf 81' lang='lat' dir='ltr'>5Philipp.</span> <span class='ocrx_word' id='word_1_227' title='bbox 806 3537 868 3599; x_wconf 71' lang='grc'>’2,9</span> <span class='ocrx_word' id='word_1_228' title='bbox 939 3538 971 3590; x_wconf 82' lang='grc'>14</span> <span class='ocrx_word' id='word_1_229' title='bbox 989 3536 1089 3590; x_wconf 79' lang='lat' dir='ltr'>llatth.</span> <span class='ocrx_word' id='word_1_230' title='bbox 1110 3537 1153 3602; x_wconf 78' lang='lat'>26,</span> <span class='ocrx_word' id='word_1_231' title='bbox 1173 3536 1208 3590; x_wconf 79' lang='grc'>64</span> <span class='ocrx_word' id='word_1_232' title='bbox 1281 3535 1314 3589; x_wconf 92' lang='grc'>16</span> <span class='ocrx_word' id='word_1_233' title='bbox 1335 3534 1401 3590; x_wconf 87' lang='lat' dir='ltr'>Gen.</span> 
     </span>
     <span class='ocr_line' id='line_1_29' title="bbox 256 3623 1402 3693; baseline 0 -15"><span class='ocrx_word' id='word_1_234' title='bbox 256 3626 300 3688; x_wconf 77' lang='lat'>40,</span> <span class='ocrx_word' id='word_1_235' title='bbox 320 3627 337 3680; x_wconf 89' lang='lat'><strong>3</strong></span> <span class='ocrx_word' id='word_1_236' title='bbox 356 3641 414 3693; x_wconf 90' lang='lat' dir='ltr'>sqq.</span> <span class='ocrx_word' id='word_1_237' title='bbox 499 3626 531 3677; x_wconf 85' lang='lat'>19</span> <span class='ocrx_word' id='word_1_238' title='bbox 550 3623 632 3678; x_wconf 88' lang='lat' dir='ltr'>Hebr.</span> <span class='ocrx_word' id='word_1_239' title='bbox 654 3626 695 3688; x_wconf 85' lang='grc'>11,</span> <span class='ocrx_word' id='word_1_240' title='bbox 714 3625 749 3678; x_wconf 86' lang='grc'>37</span> <span class='ocrx_word' id='word_1_241' title='bbox 835 3625 1003 3686; x_wconf 78' lang='lat' dir='ltr'>athene,</span> <span class='ocrx_word' id='word_1_242' title='bbox 1025 3626 1057 3679; x_wconf 90' lang='lat'>18</span> <span class='ocrx_word' id='word_1_243' title='bbox 1135 3626 1166 3679; x_wconf 86' lang='lat'>21</span> <span class='ocrx_word' id='word_1_244' title='bbox 1189 3631 1245 3678; x_wconf 87' lang='lat' dir='ltr'>net.</span> <span class='ocrx_word' id='word_1_245' title='bbox 1265 3625 1340 3678; x_wconf 83' lang='lat' dir='ltr'>Test.</span> <span class='ocrx_word' id='word_1_246' title='bbox 1361 3625 1402 3678; x_wconf 91' lang='lat' dir='ltr'>ed.</span> 
     </span>
     <span class='ocr_line' id='line_1_30' title="bbox 255 3713 1259 3782; baseline 0.002 -16"><span class='ocrx_word' id='word_1_247' title='bbox 255 3713 435 3768; x_wconf 81' lang='lat' dir='ltr'>Tischendorf</span> <span class='ocrx_word' id='word_1_248' title='bbox 452 3717 481 3766; x_wconf 89' lang='lat' dir='ltr'>et</span> <span class='ocrx_word' id='word_1_249' title='bbox 498 3713 595 3767; x_wconf 82' lang='lat' dir='ltr'>Nestle</span> <span class='ocrx_word' id='word_1_250' title='bbox 616 3713 657 3767; x_wconf 90' lang='lat' dir='ltr'>ed.</span> <span class='ocrx_word' id='word_1_251' title='bbox 677 3713 730 3767; x_wconf 83' lang='lat' dir='ltr'>VlI</span> <span class='ocrx_word' id='word_1_252' title='bbox 749 3715 803 3767; x_wconf 91' lang='lat' dir='ltr'>uol.</span> <span class='ocrx_word' id='word_1_253' title='bbox 823 3714 850 3767; x_wconf 95' lang='lat' dir='ltr'>ll</span> <span class='ocrx_word' id='word_1_254' title='bbox 869 3731 895 3782; x_wconf 90' lang='lat' dir='ltr'>p.</span> <span class='ocrx_word' id='word_1_255' title='bbox 916 3717 968 3768; x_wconf 88' lang='grc'>615</span> <span class='ocrx_word' id='word_1_256' title='bbox 989 3715 1070 3778; x_wconf 67' lang='lat' dir='ltr'>(Dan.</span> <span class='ocrx_word' id='word_1_257' title='bbox 1092 3715 1146 3782; x_wconf 80' lang='lat'>14),</span> <span class='ocrx_word' id='word_1_258' title='bbox 1165 3716 1199 3768; x_wconf 89' lang='grc'>35</span> <span class='ocrx_word' id='word_1_259' title='bbox 1218 3731 1259 3782; x_wconf 90' lang='lat' dir='ltr'>sq.</span> 
     </span>
    </p>
   </div>
   <div class='ocr_carea' id='block_1_4' title="bbox 255 3837 1404 4394">
    <p class='ocr_par' dir='ltr' id='par_1_4' title="bbox 255 3837 1404 4394">
     <span class='ocr_line' id='line_1_31' title="bbox 293 3837 1402 3953; baseline 0.001 -18"><span class='ocrx_word' id='word_1_260' title='bbox 293 3884 305 3935; x_wconf 95' lang='lat' dir='ltr'>l</span> <span class='ocrx_word' id='word_1_261' title='bbox 326 3883 481 3936; x_wconf 85' lang='lat' dir='ltr'>thensauris</span> <span class='ocrx_word' id='word_1_262' title='bbox 499 3883 524 3939; x_wconf 79' lang='lat' dir='ltr'>a</span> <span class='ocrx_word' id='word_1_263' title='bbox 542 3882 677 3934; x_wconf 84' lang='lat' dir='ltr'>thesauris</span> <span class='ocrx_word' id='word_1_264' title='bbox 696 3882 730 3939; x_wconf 71' lang='lat' dir='ltr'>tt‘</span> <span class='ocrx_word' id='word_1_265' title='bbox 750 3883 784 3947; x_wconf 88' lang='lat' dir='ltr'>(is</span> <span class='ocrx_word' id='word_1_266' title='bbox 804 3899 837 3935; x_wconf 80' lang='lat' dir='ltr'>eae</span> <span class='ocrx_word' id='word_1_267' title='bbox 855 3885 911 3948; x_wconf 89' lang='lat' dir='ltr'>um)</span> <span class='ocrx_word' id='word_1_268' title='bbox 932 3888 980 3937; x_wconf 80' lang='lat' dir='ltr'>cet.</span> <span class='ocrx_word' id='word_1_269' title='bbox 1080 3882 1154 3951; x_wconf 81' lang='lat' dir='ltr'>egyti</span> <span class='ocrx_word' id='word_1_270' title='bbox 1173 3883 1200 3934; x_wconf 77' lang='lat' dir='ltr'><strong><em>A</em></strong></span> <span class='ocrx_word' id='word_1_271' title='bbox 1219 3837 1329 3953; x_wconf 84' lang='lat' dir='ltr'>(egipti¹</span> <span class='ocrx_word' id='word_1_272' title='bbox 1346 3886 1402 3948; x_wconf 80' lang='lat' dir='ltr'>ur2)</span> 
     </span>
     <span class='ocr_line' id='line_1_32' title="bbox 255 3969 1403 4040; baseline -0.001 -15"><span class='ocrx_word' id='word_1_273' title='bbox 255 3973 273 4025; x_wconf 82' lang='lat'>2</span> <span class='ocrx_word' id='word_1_274' title='bbox 290 3971 365 4025; x_wconf 83' lang='lat' dir='ltr'>farao</span> <span class='ocrx_word' id='word_1_275' title='bbox 384 3970 464 4028; x_wconf 76' lang='lat' dir='ltr'>APa</span> <span class='ocrx_word' id='word_1_276' title='bbox 481 3971 627 4040; x_wconf 84' lang='lat' dir='ltr'>pharaonis</span> <span class='ocrx_word' id='word_1_277' title='bbox 646 3970 706 4024; x_wconf 78' lang='grc' dir='ltr'>ΒΤ</span> <span class='ocrx_word' id='word_1_278' title='bbox 770 3972 787 4025; x_wconf 87' lang='grc'><strong>3</strong></span> <span class='ocrx_word' id='word_1_279' title='bbox 807 3972 882 4024; x_wconf 82' lang='lat' dir='ltr'>euius</span> <span class='ocrx_word' id='word_1_280' title='bbox 902 3973 986 4024; x_wconf 74' lang='lat' dir='ltr'>Am2</span> <span class='ocrx_word' id='word_1_281' title='bbox 1004 3977 1031 4025; x_wconf 85' lang='lat' dir='ltr'>et</span> <span class='ocrx_word' id='word_1_282' title='bbox 1050 3975 1093 4036; x_wconf 92' lang='lat' dir='ltr'>(us</span> <span class='ocrx_word' id='word_1_283' title='bbox 1112 3971 1176 4038; x_wconf 80' lang='lat' dir='ltr'>del.)</span> <span class='ocrx_word' id='word_1_284' title='bbox 1201 3971 1227 4024; x_wconf 84' lang='grc' dir='ltr'><em>Τ</em></span> <span class='ocrx_word' id='word_1_285' title='bbox 1297 3969 1403 4024; x_wconf 90' lang='lat' dir='ltr'>diuide-</span> 
     </span>
     <span class='ocr_line' id='line_1_33' title="bbox 255 4058 1402 4129; baseline 0 -17"><span class='ocrx_word' id='word_1_286' title='bbox 255 4060 323 4112; x_wconf 85' lang='lat' dir='ltr'>bant</span> <span class='ocrx_word' id='word_1_287' title='bbox 340 4061 368 4113; x_wconf 93' lang='lat' dir='ltr'><strong><em>P</em></strong></span> <span class='ocrx_word' id='word_1_288' title='bbox 385 4060 405 4124; x_wconf 92' lang='lat' dir='ltr'>(i</span> <span class='ocrx_word' id='word_1_289' title='bbox 423 4075 465 4128; x_wconf 85' lang='lat' dir='ltr'>pr.</span> <span class='ocrx_word' id='word_1_290' title='bbox 483 4059 517 4112; x_wconf 78' lang='lat' dir='ltr'>in</span> <span class='ocrx_word' id='word_1_291' title='bbox 533 4064 601 4124; x_wconf 86' lang='lat' dir='ltr'>ras.)</span> <span class='ocrx_word' id='word_1_292' title='bbox 622 4065 647 4111; x_wconf 82' lang='lat' dir='ltr'>et</span> <span class='ocrx_word' id='word_1_293' title='bbox 666 4060 686 4122; x_wconf 88' lang='lat' dir='ltr'>(i</span> <span class='ocrx_word' id='word_1_294' title='bbox 701 4076 747 4126; x_wconf 82' lang='lat' dir='ltr'>pr.</span> <span class='ocrx_word' id='word_1_295' title='bbox 767 4076 801 4113; x_wconf 78' lang='lat' dir='ltr'>ex</span> <span class='ocrx_word' id='word_1_296' title='bbox 820 4079 833 4114; x_wconf 93' lang='lat' dir='ltr'>e</span> <span class='ocrx_word' id='word_1_297' title='bbox 853 4065 910 4127; x_wconf 86' lang='lat' dir='ltr'>m3)</span> <span class='ocrx_word' id='word_1_298' title='bbox 929 4061 953 4118; x_wconf 75' lang='lat' dir='ltr'>tl</span> <span class='ocrx_word' id='word_1_299' title='bbox 1047 4060 1199 4129; x_wconf 88' lang='lat' dir='ltr'>nepthalim</span> <span class='ocrx_word' id='word_1_300' title='bbox 1218 4058 1252 4116; x_wconf 80' lang='lat' dir='ltr'>u‘</span> <span class='ocrx_word' id='word_1_301' title='bbox 1270 4060 1402 4129; x_wconf 85' lang='lat' dir='ltr'>neptalim</span> 
     </span>
     <span class='ocr_line' id='line_1_34' title="bbox 256 4135 1404 4219; baseline 0 -17"><span class='ocrx_word' id='word_1_302' title='bbox 256 4154 303 4202; x_wconf 75' lang='lat' dir='ltr'>eet.</span> <span class='ocrx_word' id='word_1_303' title='bbox 368 4148 505 4218; x_wconf 77' lang='lat' dir='ltr'>doptulit</span> <span class='ocrx_word' id='word_1_304' title='bbox 523 4148 556 4204; x_wconf 65' lang='lat'>91⁴</span> <span class='ocrx_word' id='word_1_305' title='bbox 620 4135 709 4202; x_wconf 67' lang='grc' dir='ltr'>8ᾱῇ</span> <span class='ocrx_word' id='word_1_306' title='bbox 726 4150 838 4206; x_wconf 75' lang='lat' dir='ltr'>aPuur</span> <span class='ocrx_word' id='word_1_307' title='bbox 858 4149 889 4203; x_wconf 84' lang='lat' dir='ltr'>ds</span> <span class='ocrx_word' id='word_1_308' title='bbox 908 4149 1007 4204; x_wconf 71' lang='lat' dir='ltr'>tt‘OE‘T</span> <span class='ocrx_word' id='word_1_309' title='bbox 1071 4150 1103 4202; x_wconf 88' lang='lat'>10</span> <span class='ocrx_word' id='word_1_310' title='bbox 1121 4148 1311 4219; x_wconf 71' lang='lat' dir='ltr'>troppoPlh</span> <span class='ocrx_word' id='word_1_311' title='bbox 1329 4165 1352 4202; x_wconf 90' lang='lat' dir='ltr'>s.</span> <span class='ocrx_word' id='word_1_312' title='bbox 1372 4165 1404 4219; x_wconf 77' lang='lat' dir='ltr'>pp</span> 
     </span>
     <span class='ocr_line' id='line_1_35' title="bbox 255 4229 1404 4308; baseline 0.001 -17"><span class='ocrx_word' id='word_1_313' title='bbox 255 4238 338 4307; x_wconf 77' lang='lat' dir='ltr'>eras.)</span> <span class='ocrx_word' id='word_1_314' title='bbox 356 4238 380 4294; x_wconf 81' lang='lat' dir='ltr'>a</span> <span class='ocrx_word' id='word_1_315' title='bbox 399 4237 429 4307; x_wconf 88' lang='lat' dir='ltr'>(h</span> <span class='ocrx_word' id='word_1_316' title='bbox 446 4253 468 4291; x_wconf 83' lang='lat' dir='ltr'>a.</span> <span class='ocrx_word' id='word_1_317' title='bbox 487 4255 504 4307; x_wconf 93' lang='lat' dir='ltr'>p</span> <span class='ocrx_word' id='word_1_318' title='bbox 524 4242 581 4304; x_wconf 83' lang='lat' dir='ltr'>m3)</span> <span class='ocrx_word' id='word_1_319' title='bbox 600 4238 715 4308; x_wconf 89' lang='lat' dir='ltr'>tropheo</span> <span class='ocrx_word' id='word_1_320' title='bbox 734 4244 782 4292; x_wconf 76' lang='lat' dir='ltr'>cet.</span> <span class='ocrx_word' id='word_1_321' title='bbox 853 4240 885 4292; x_wconf 83' lang='lat'>17</span> <span class='ocrx_word' id='word_1_322' title='bbox 904 4231 1098 4308; x_wconf 64' lang='lat' dir='ltr'>interprdrabai</span> <span class='ocrx_word' id='word_1_323' title='bbox 1117 4240 1144 4291; x_wconf 79' lang='lat' dir='ltr'><strong><em>A</em></strong></span> <span class='ocrx_word' id='word_1_324' title='bbox 1163 4229 1187 4302; x_wconf 86' lang='lat'>(‘</span> <span class='ocrx_word' id='word_1_325' title='bbox 1202 4237 1267 4294; x_wconf 84' lang='lat' dir='ltr'>add.</span> <span class='ocrx_word' id='word_1_326' title='bbox 1287 4255 1322 4294; x_wconf 88' lang='lat' dir='ltr'>m.</span> <span class='ocrx_word' id='word_1_327' title='bbox 1344 4238 1404 4292; x_wconf 74' lang='lat' dir='ltr'>alia</span> 
     </span>
     <span class='ocr_line' id='line_1_36' title="bbox 255 4325 1256 4394; baseline 0 -14"><span class='ocrx_word' id='word_1_328' title='bbox 255 4333 287 4380; x_wconf 82' lang='lat' dir='ltr'>ut</span> <span class='ocrx_word' id='word_1_329' title='bbox 304 4327 425 4394; x_wconf 80' lang='lat' dir='ltr'>uidetur)</span> <span class='ocrx_word' id='word_1_330' title='bbox 481 4329 515 4380; x_wconf 80' lang='lat'>24</span> <span class='ocrx_word' id='word_1_331' title='bbox 533 4327 643 4380; x_wconf 82' lang='lat' dir='ltr'>beatam</span> <span class='ocrx_word' id='word_1_332' title='bbox 661 4326 689 4378; x_wconf 92' lang='lat' dir='ltr'><strong><em>P</em></strong></span> <span class='ocrx_word' id='word_1_333' title='bbox 707 4329 762 4392; x_wconf 77' lang='lat' dir='ltr'>(am</span> <span class='ocrx_word' id='word_1_334' title='bbox 782 4343 815 4379; x_wconf 80' lang='lat' dir='ltr'>ex</span> <span class='ocrx_word' id='word_1_335' title='bbox 834 4343 888 4385; x_wconf 83' lang='lat' dir='ltr'>urm</span> <span class='ocrx_word' id='word_1_336' title='bbox 963 4326 1169 4380; x_wconf 84' lang='lat' dir='ltr'>nraohabeorum</span> <span class='ocrx_word' id='word_1_337' title='bbox 1189 4325 1256 4380; x_wconf 67' lang='lat' dir='ltr'>lutri</span> 
     </span>
    </p>
   </div>
   <div class='ocr_carea' id='block_1_5' title="bbox 0 0 1554 4967">
    <p class='ocr_par' dir='ltr' id='par_1_5' title="bbox 0 0 1554 4967">
     <span class='ocr_line' id='line_1_37' title="bbox 0 0 1554 4967; baseline 0 1"><span class='ocrx_word' id='word_1_338' title='bbox 0 0 1554 4967; x_wconf 95' lang='lat' dir='ltr'> </span> 
     </span>
    </p>
   </div>
  </div>
 </body>
</html>
