3100 4967
224 416 287 479 166
697 412 897 467 Ambrosii

222 614 322 673 turra
351 608 551 676 Chanaan‘?
579 611 685 691 aperte
715 608 844 691 quidem
874 609 1134 692 confugientibus
1163 609 1223 673 hoc
1253 610 1371 674 crimen

222 716 386 781 homicidii
417 716 540 799 refugia
571 716 733 798 proposita
773 718 858 793 suant,
896 714 952 780 sed
989 716 1226 782 consideremus
1252 718 1372 781 altius.

223 825 374 905 quattuor
411 826 487 887 sunt
528 842 608 905 quoae
650 822 820 887 admonent
861 822 1049 905 profundius
1091 842 1161 887 esse
1203 824 1373 906 spectanda

221 930 369 994 lectionis
399 949 511 994 arcana
538 930 644 993 istius.
670 949 780 1005 uuum,
806 949 868 1012 qua
890 928 1013 994 ratione
1038 948 1074 993 er
1098 930 1148 994 his
1174 929 1372 995 ciuitatibus.

223 1055 303 1117 quae
327 1034 449 1099 Leuitis
478 1036 510 1099 in
539 1035 716 1117 portionem
742 1037 827 1099 sorte
852 1033 1059 1111 obuenemnt,
1084 1054 1138 1099 ser
1162 1035 1310 1101 ciuitates
1334 1037 1372 1101 ad
1406 1058 1419 1095 s

223 1143 382 1227 refugium
411 1142 502 1205 datae
531 1145 607 1206 sunt
634 1140 800 1207 homicidii
824 1142 954 1207 crimine
976 1141 1205 1218 laborantibus,
1230 1162 1287 1207 cur
1310 1162 1371 1207 nou

223 1250 318 1315 etiarn
351 1249 484 1313 aliarum
516 1249 659 1313 tribuum
693 1249 842 1314 ciuitates
875 1249 916 1312 ad
947 1248 1008 1313 hoc
1040 1267 1158 1313 munus
1191 1248 1372 1330 deputatae.

223 1357 408 1434 secundum,
434 1375 496 1438 qua
518 1355 639 1419 ratione
663 1373 717 1419 ser
741 1374 891 1430 numero;
916 1354 1081 1419 nonenim
1101 1355 1373 1421 otioseuumerus
1439 1361 1465 1413 D

223 1464 275 1527 hic
312 1463 527 1546 praescriptus
564 1462 694 1526 uidetur
730 1480 832 1544 neque
869 1462 1009 1543 plurium
1046 1479 1148 1543 neque
1187 1464 1374 1545 pauciorum

225 1570 416 1635 ciuitatium.
439 1569 580 1645 tertium,
606 1587 662 1633 cur
680 1572 745 1633 tres
764 1569 850 1633 ultra
867 1568 1020 1633 Iordanen
1039 1568 1188 1633 ciuitates
1208 1572 1241 1633 et
1258 1572 1323 1634 tres
1341 1571 1373 1635 in
1394 1593 1420 1629 ιο

224 1677 352 1759 regione
382 1676 568 1741 Chananaea
596 1674 769 1758 dispositae
798 1675 873 1751 sint,
903 1693 984 1756 quae
1013 1673 1137 1758 refugio
1165 1676 1373 1759 peccantibus

224 1784 338 1849 forent.
363 1786 522 1865 quartum,
547 1801 603 1846 cur
622 1782 839 1847 denumeratio
859 1785 892 1846 et
911 1781 1051 1846 definitio
1071 1782 1225 1864 temporis
1244 1802 1373 1866 conpre-

224 1891 333 1966 hensa,
357 1890 441 1953 iutra
465 1889 549 1971 quod
572 1889 695 1954 habitet
717 1888 879 1953 homicida
900 1888 932 1952 in
958 1888 1090 1952 ciuitate
1112 1888 1240 1973 refugii,
1269 1891 1373 1972 quoad

225 1997 377 2061 moriatur
405 1996 551 2061 sacerdos
579 2014 713 2079 magnus
743 1999 776 2058 et
802 1998 876 2077 post
902 1998 1041 2059 mortem
1069 1995 1243 2060 sacerdotis
1267 2000 1375 2080 magni

224 2106 403 2169 reuertatur
424 2102 584 2167 homicida
606 2103 639 2166 in
659 2102 824 2167 ciuitatem
842 2102 1049 2167 habitationis
1069 2120 1157 2166 snae·
1177 2103 1216 2166 de
1236 2103 1374 2187 singulis
1395 2132 1420 2173 ra

225 2228 299 2293 ergo
325 2212 450 2292 oportet
473 2209 575 2274 dicere
600 2212 694 2291 atque
715 2228 751 2274 eo
772 2207 881 2273 ordine
901 2228 963 2292 quo
982 2209 1209 2292 proposuimus
1229 2211 1375 2291 quaesita
1444 2216 1467 2270 Ε

226 2316 402 2381 absoluere.

184 2416 202 2477 6
273 2422 484 2506 Conpetenter
510 2422 618 2505 itaque
646 2422 830 2487 Leuitarum
859 2422 1007 2487 ciuitates
1037 2422 1127 2486 datas
1153 2422 1192 2487 ad
1215 2422 1375 2507 refugium

225 2530 327 2613 primo
352 2530 571 2613 explicandum
596 2533 654 2595 est.
680 2550 819 2613 congrue
844 2532 952 2594 autem
974 2530 1139 2611 prouisum
1163 2529 1277 2611 liquet,
1301 2529 1376 2611 quia

316 2756 332 2809 2
351 2754 431 2809 Philo
452 2754 484 2807 de
503 2752 626 2824 profugis
647 2753 679 2808 17
700 2754 723 2819 (Ι
743 2756 805 2819 559,
826 2756 838 2807 1
860 2756 914 2820 Μ.)
970 2756 987 2807 5
1005 2754 1086 2806 Num.
1105 2755 1149 2816 35,
1169 2756 1185 2808 6
1242 2756 1275 2809 13
1294 2754 1375 2808 Num.

227 2845 269 2908 35,
289 2845 322 2897 25
416 2844 449 2897 id
468 2842 548 2897 Num.
568 2844 611 2909 35,
631 2844 647 2896 6
666 2843 746 2897 Philo
766 2844 784 2897 l.
806 2861 827 2898 c.
849 2846 881 2899 17
902 2846 974 2911 (559.
997 2843 1041 2912 12)

264 2969 275 3021 l
298 2984 400 3023 canaan
413 2968 474 3025 Pur
493 2968 659 3025 chanaamii
732 2967 953 3036 confugientibus
972 2967 1004 3022 W
1024 2971 1087 3032 (eon
1105 2970 1186 3032 eros.)
1207 2966 1376 3037 fugientibus

210 3058 278 3162 'J'c
331 3058 415 3161 2bsed
432 3058 457 3161 fi
475 3059 502 3111 A
522 3061 557 3125 (si
574 3074 595 3111 s.
614 3074 641 3111 u.
662 3074 696 3111 aa.
717 3062 787 3120 urat.)
807 3054 902 3109 NP‘T
919 3056 942 3108 si
961 3061 1024 3122 (om.
1044 3056 1103 3122 sed)
1128 3055 1207 3107 VCC‘
1260 3054 1377 3109 Alceti-

228 3174 287 3227 onis
307 3190 405 3229 arcana
424 3173 504 3227 istius
522 3174 550 3229 A
570 3177 597 3239 (a
615 3174 632 3228 b
653 3190 667 3226 c
685 3174 742 3242 m2)
761 3172 889 3226 lectionis
909 3188 1007 3225 arcana
1024 3172 1104 3224 istius
1123 3170 1217 3224 rw
1235 3172 1316 3225 istius
1336 3188 1378 3224 ar·

228 3278 294 3315 cana
312 3261 437 3315 lectionis
461 3262 515 3315 VT
534 3262 614 3315 istius
638 3261 764 3315 lectionis
789 3276 887 3315 arcana
905 3260 960 3317 ab
978 3274 1077 3313 arcana
1094 3260 1222 3313 lectionis
1240 3260 1321 3313 istius
1339 3258 1378 3313 N⁴

226 3350 353 3405 lectionis
373 3350 452 3404 huius
472 3368 569 3404 arcana
590 3350 619 3405 0¹
682 3354 698 3404 5
718 3352 745 3404 iu
767 3350 919 3419 portionem
939 3354 1011 3402 sorte
1030 3350 1058 3401 A
1078 3353 1110 3414 (s.
1129 3352 1178 3403 m2
1195 3348 1208 3402 1
1226 3350 1298 3402 inter
1316 3366 1378 3418 por·

227 3439 334 3493 tionum
353 3436 464 3507 sortem)
483 3440 554 3492 inter
576 3440 731 3508 portionum
755 3442 855 3492 sortem
874 3440 899 3493 a
916 3438 990 3501 inter
1013 3438 1165 3506 portionem
1185 3440 1285 3499 sortem
1309 3437 1377 3491 Tin

228 3528 352 3597 portione
372 3530 444 3581 sorte
464 3528 504 3580 N
586 3530 602 3583 6
622 3532 687 3582 eunt
704 3530 731 3581 A
750 3532 782 3596 (s.
801 3532 849 3580 m2
866 3528 880 3580 i
898 3528 963 3593 siut)
984 3526 1011 3580 P
1029 3527 1084 3588 sint
1108 3527 1133 3580 T
1150 3531 1179 3591 (u
1196 3543 1218 3585 s.
1237 3527 1259 3593 i)
1279 3526 1335 3580 sint
1358 3528 1380 3579 C

229 3624 254 3671 et
277 3616 306 3669 C‘
325 3619 369 3687 (ca
387 3620 461 3681 suut)
482 3623 529 3671 cet.
622 3618 732 3671 crimine
750 3616 779 3670 P
797 3625 822 3681 (e
842 3634 875 3670 cc
893 3631 919 3678 a)
1005 3616 1100 3684 ipost
1118 3613 1233 3669 aliarum
1252 3622 1331 3669 extro
1349 3632 1378 3669 a.

230 3706 295 3761 cdd.
314 3723 348 3759 aa.
369 3711 426 3759 urat.
446 3722 498 3759 non
518 3708 581 3759 suut
599 3707 627 3759 A
646 3706 687 3776 (io
706 3722 755 3776 asp.
775 3710 823 3758 ar?
841 3706 885 3758 ali'
902 3705 956 3761 Cur
975 3705 1057 3758 etiarn
1077 3705 1191 3758 aliarum
1209 3704 1328 3758 tribuum
1344 3703 1379 3758 ad

228 3796 281 3850 hoc
299 3798 407 3859 munus)
495 3794 642 3864 deputatae
661 3794 716 3848 sint
738 3795 846 3860 G(sint
864 3812 898 3849 ex
916 3798 980 3847 sunt
997 3810 1018 3846 s.
1038 3797 1078 3860 a.)
1152 3794 1334 3863 9paucorum
1352 3794 1381 3847 P

229 3892 255 3939 et
280 3886 307 3949 (a
328 3900 349 3937 s.
371 3900 385 3936 o
410 3886 466 3947 or2)
492 3882 518 3935 V
538 3884 694 3953 pauciorum
719 3882 749 3936 E
770 3884 792 3943 (i
812 3883 862 3937 del.
886 3886 944 3949 m2)
964 3899 1109 3952 paucarum
1129 3882 1168 3935 C¹‘
1260 3884 1294 3937 10
1313 3882 1380 3936 ciui·

228 3972 328 4026 tatium
347 3971 437 4029 AVar
457 3978 481 4025 et
501 3973 521 4037 (i
540 3978 598 4026 tert.
620 3972 671 4025 dci.
691 3973 786 4039 1113121
804 3973 947 4025 ciuitatum
968 3978 1015 4026 cet.
1071 3972 1202 4025 iordaneu
1215 3972 1382 4030 APVuarc

229 4062 368 4117 iordancm
389 4067 435 4115 cet.
503 4062 533 4114 11
555 4060 660 4130 refugio
681 4064 707 4113 A
727 4064 755 4124 (i
774 4078 795 4115 a.
816 4079 830 4114 o
851 4060 1137 4131 m2trefugiurnd1T
1199 4061 1232 4113 12
1251 4060 1380 4114 denume-

228 4156 299 4209 ratio
319 4154 346 4208 P
363 4154 384 4221 (i
401 4172 423 4208 s.
444 4168 530 4221 apr.)
554 4153 580 4205 V
596 4155 616 4219 (i
635 4170 655 4206 s.
677 4170 751 4221 apr.
772 4153 829 4221 m2)
849 4154 1030 4207 dinumeratio
1052 4152 1116 4206 (¹0¹¹
1197 4153 1382 4223 conprehensa

231 4244 267 4297 sit
281 4245 314 4301 th‘
335 4245 383 4309 (ait
401 4260 421 4297 s.
437 4260 464 4297 u.
483 4260 518 4295 aa
539 4248 609 4307 crist)
629 4243 702 4297 2[”Ε
752 4244 785 4296 13
805 4242 999 4312 quoadusque
1018 4242 1076 4295 PC*
1096 4248 1120 4295 ct
1140 4246 1236 4310 (usquc
1254 4258 1277 4296 a.
1294 4247 1335 4307 a.)
1359 4242 1384 4295 T

233 4334 264 4387 ld
285 4350 353 4401 quaa
372 4334 399 4386 A
419 4336 451 4399 (s.
471 4336 518 4385 aar?
535 4332 548 4383 1·
567 4336 631 4401 quo)
652 4332 678 4383 P
753 4332 878 4399 quaesita
896 4332 923 4385 A
942 4333 970 4397 (a
988 4330 1038 4384 uit.
1056 4334 1104 4384 m?
1121 4331 1152 4384 io
1170 4330 1239 4400 rus.)
