3100 4967
365 443 406 496 De
425 441 506 496 Iacob
525 440 553 494 11
572 445 597 510 5,
617 442 724 497 22-24
744 442 840 508 (1465
859 441 971 496 Ε-466
989 443 1031 508 Ε).
1245 447 1288 508 45

145 638 296 702 inanis:
335 641 609 720 persequatur
643 638 841 703 inimicus
879 639 1046 704 animam
1085 658 1207 704 meam
1250 641 1289 702 et

70 743 103 804 23
146 745 457 827 conprehendat.
482 765 575 809 nemo
600 763 675 830 ergo
700 765 735 808 er
758 743 899 810 inimicis
918 747 1026 829 potest
1044 749 1133 809 tuam
1152 746 1289 810 animam

145 851 405 935 conprehendere,
440 851 503 915 nisi
536 851 624 934 prins
657 851 760 916 inanis
793 853 889 916 fuerit
926 853 1049 917 effecta.
1088 853 1152 917 noli
1189 852 1290 936 igitur

142 961 282 1022 metuere
306 977 361 1022 eos
385 957 440 1041 qui
463 962 599 1040 possunt
617 959 685 1024 ouri
705 961 891 1044 argentique
912 960 1070 1042 conpilare
1089 959 1288 1024 thensauros,

114 1065 195 1128 sisti
217 1063 299 1128 nihil
321 1065 381 1129 tibi
405 1066 563 1131 auferunt.
587 1065 648 1131 hoc
671 1066 753 1130 enirn
780 1068 929 1131 auferunt
951 1067 1035 1149 quod
1058 1085 1118 1130 non
1137 1064 1287 1142 habebas,
1313 1065 1336 1122 O

141 1171 201 1235 hoc
224 1171 374 1234 auferunt
397 1171 481 1255 quod
503 1172 667 1255 possidere
690 1190 751 1236 non
774 1177 911 1254 poteras,
937 1172 996 1236 hoc
1027 1172 1175 1236 auserunt
1202 1169 1289 1252 quod

140 1296 202 1342 non
227 1278 360 1342 ornabat
384 1279 520 1342 animam
544 1282 643 1357 tuam,
668 1279 724 1343 sed
748 1278 909 1354 onerabat,
939 1279 999 1343 hoc
1028 1279 1175 1344 auferunt
1204 1277 1289 1360 quod

140 1403 202 1448 non
222 1384 441 1467 locupletabat
460 1387 635 1463 cortuum,
655 1385 713 1449 sed
730 1385 840 1467 potius
860 1385 1076 1468 deprimebat3
1098 1385 1166 1448 ubi
1186 1384 1289 1448 eninr

141 1490 269 1556 luerit
297 1491 549 1555 thensaurus
577 1493 685 1568 tuus,
713 1491 770 1556 ibi
801 1492 880 1556 erit
905 1495 943 1556 et
966 1511 1033 1556 oor
1056 1495 1178 1566 tuum,
1204 1491 1290 1555 siout

103 1599 261 1664 mandisti
291 1598 356 1682 legi
389 1597 493 1662 hodie.
525 1597 620 1663 multi
653 1598 733 1662 seris
764 1600 929 1680 portarurn
963 1617 1092 1663 suarum
1121 1599 1290 1663 includunt

140 1725 254 1770 aurum
283 1723 388 1782 suum,
417 1704 474 1768 sed
502 1704 535 1768 hi
564 1723 620 1769 nec
644 1705 792 1769 uectibus
817 1709 848 1768 et
872 1706 1021 1770 claustris
1046 1706 1112 1770 suis
1137 1705 1287 1770 credunt:

140 1813 235 1878 multi
267 1811 384 1896 uigiles
417 1811 577 1898 adhibent,
611 1812 668 1876 sed
699 1811 763 1894 ipsi
795 1831 921 1894 quoque
954 1813 1026 1896 plus
1059 1813 1147 1895 ipsos
1185 1812 1290 1876 solent

139 1919 254 1983 timere
278 1916 448 1982 custodes:
471 1916 566 1981 multi
591 1916 718 1981 defosso
743 1935 819 1982 auro
842 1917 1012 1992 incubant;
1038 1937 1150 1982 aurum
1180 1937 1289 1982 eorum

142 2027 202 2090 sub
219 2029 307 2090 terra
325 2027 358 2088 et
377 2043 430 2088 cor
448 2043 557 2089 eorum
577 2023 636 2088 sub
656 2028 747 2089 tarra
769 2043 847 2088 caue
867 2043 941 2108 ergo
962 2044 1000 2088 ne
1020 2029 1052 2091 et
1070 2028 1106 2089 tu
1127 2043 1180 2090 cor
1198 2027 1289 2089 torum
1308 2028 1336 2082 D

104 2137 244 2196 sterrue
271 2132 368 2196 uiuus
396 2131 544 2196 infodias.
573 2151 635 2196 non
664 2149 738 2214 ergo
768 2130 836 2195 auri
868 2131 963 2196 istius
996 2133 1158 2198 metuendi
1190 2133 1287 2206 16666,

142 2241 196 2304 1116
218 2238 280 2302 tibi
304 2238 465 2303 cauendus
489 2241 540 2302 est
561 2238 746 2315 faenerator,
766 2238 822 2318 qui
841 2239 1051 2304 substantiam
1072 2240 1195 2303 animae
1214 2243 1288 2303 tuae

143 2347 313 2419 scrutatur,
343 2344 371 2408 si
399 2363 462 2426 qua
488 2343 611 2424 pcccati
640 2343 796 2427 grauioris
826 2363 896 2408 aera
925 2343 1129 2422 contraxeris,
1158 2346 1211 2428 qui
1235 2365 1289 2410 cor

143 2457 234 2516 tuum
257 2451 395 2515 includit
418 2450 497 2528 solo,
523 2450 576 2532 qui
600 2449 738 2514 animam
761 2453 851 2514 tuam
872 2469 907 2516 eo
928 2452 1067 2533 caespite
1088 2451 1204 2528 obruit,
1225 2471 1287 2534 quo

143 2577 256 2622 aurum
268 2557 395 2635 texeris,
413 2556 468 2639 qui
485 2559 625 2620 mentem
643 2559 733 2621 tuam
752 2558 998 2622 centesimarum
1016 2558 1164 2624 incuruat
1181 2559 1288 2624 usuris

104 2693 128 2730 eo
145 2669 176 2729 et
206 2666 298 2749 graui
330 2663 439 2728 condit
470 2664 648 2746 sepulchro,
683 2663 721 2727 de
750 2684 812 2747 quo
841 2665 948 2729 nullus
976 2665 1126 2749 resurgit.
1157 2685 1289 2749 sequere

146 2775 289 2837 sanctum
311 2771 418 2845 Iacob,
443 2771 497 2853 qui
521 2790 623 2853 neque
647 2770 686 2835 de
710 2771 821 2836 alienis
845 2772 934 2836 uitiis
960 2773 1129 2854 quiequam
1154 2773 1291 2838 habebat
1310 2775 1338 2830 B

146 2898 245 2961 neque
260 2897 391 2944 suarum
403 2877 561 2942 uirtutum
578 2881 646 2942 erat
662 2876 766 2942 inanis
786 2881 818 2942 et
836 2897 969 2958 uacuus,
989 2879 1043 2962 qui
1063 2881 1130 2943 erat
1147 2879 1290 2944 iustitiae

146 2986 250 3051 fructu
271 2985 425 3068 repletus.

70 3087 106 3150 24
189 3091 252 3158 Sed
269 3091 348 3156 haec
366 3090 508 3167 moralia,
526 3090 608 3154 illud
625 3091 798 3173 mysticum
819 3092 904 3175 quod
923 3094 1012 3158 uenit
1031 3094 1070 3158 ad
1085 3113 1158 3158 eum
1173 3093 1291 3172 haban,

233 3335 367 3390 8616616.
387 3337 412 3399 6,
432 3336 465 3389 21
554 3336 588 3388 24
607 3335 674 3389 Gen.
694 3335 737 3398 31,
757 3336 792 3389 25
813 3336 892 3389 6133
912 3335 992 3390 Philo
1013 3336 1046 3390 de
1066 3336 1125 3406 agri
1144 3338 1208 3391 cult.
1229 3337 1291 3392 Noe

149 3425 181 3479 10
199 3426 223 3493 (Ι
241 3426 303 3488 306,
322 3424 370 3494 42)

181 3550 197 3604 3
225 3549 329 3603 {effecta
355 3548 383 3602 A
411 3551 443 3616 (6
469 3564 505 3602 cx
532 3566 549 3602 6
576 3565 610 3604 m.
640 3553 710 3615 ont.)
739 3549 838 3602 affecte
866 3549 894 3602 P
1008 3551 1026 3604 4
1054 3549 1196 3605 thesauros
1226 3552 1295 3606 libri

148 3638 232 3692 btibi
251 3639 279 3692 A
299 3638 339 3705 (bi
357 3654 379 3691 6.
397 3641 437 3704 u.)
544 3636 658 3690 hebebis
679 3642 704 3690 A
729 3637 804 3702 (·bas
823 3654 892 3692 corr.
912 3654 945 3692 m.
966 3644 1034 3699 ont..
1053 3655 1074 3693 s.
1095 3644 1142 3692 m2
1159 3641 1173 3692 1
1191 3639 1245 3704 616)
1265 3641 1295 3694 P

149 3725 332 3781 1666666661
349 3727 405 3780 AP
471 3727 488 3780 9
505 3725 650 3780 thesaurus
670 3725 735 3779 libri
804 3726 836 3780 10
853 3726 947 3780 multis
967 3727 1052 3780 APV
1069 3733 1094 3781 et
1113 3733 1137 3794 (s
1157 3729 1239 3799 6666.)
1258 3732 1293 3787 pp

181 3817 248 3870 seris
265 3815 295 3870 P
312 3820 336 3881 (6
349 3831 396 3884 pr.
415 3831 436 3869 6,
455 3830 482 3868 u.
501 3818 559 3879 m2)
579 3815 661 3868 serris
685 3815 710 3868 V
727 3818 751 3878 (r
764 3831 810 3882 pr.
831 3815 902 3886 erp.)
920 3817 945 3872 21
1035 3817 1179 3870 includunt
1198 3834 1292 3872 aurum

148 3921 222 3958 66666
242 3905 451 3959 6166161666.
472 3902 782 3956 Τ6666166116616666
802 3919 926 3958 accessus
941 3905 1025 3958 Amal
1044 3909 1076 3972 (s.
1096 3905 1135 3976 a.)
1154 3906 1180 3959 Τ
1215 3909 1248 3961 14
1261 3912 1291 3961 tu

150 3995 172 4063 16
189 4010 234 4048 666
251 3993 280 4046 Α
363 3991 494 4047 15166166
513 3994 577 4045 sunt
597 3995 672 4057 (sunt
688 4007 711 4046 6.
728 3997 768 4058 u.)
788 3992 871 4046 Pana
892 3993 917 4046 Τ
998 3995 1030 4050 16
1051 3995 1188 4066 fenerator
1211 3996 1299 4050 VDE'

149 4082 283 4138 fenerator
301 4088 349 4136 oct.
397 4081 430 4135 18
449 4081 551 4150 cespite
571 4080 636 4135 libri
682 4081 1004 4141 196661666166666621
1059 4085 1295 4140 16666661666616

148 4171 230 4226 APT
245 4173 372 4225 incuruet
390 4168 505 4246 16666616
528 4169 556 4223 V
569 4168 610 4239 (to
629 4185 650 4226 a.
669 4187 696 4225 u.
715 4174 773 4236 m2)
792 4171 942 4226 incurratis
962 4173 1033 4226 auris
1052 4173 1076 4229 21
1094 4173 1231 4244 (insumas
1250 4177 1295 4228 tc-

150 4261 233 4314 666616
251 4263 310 4328 663)
327 4259 360 4314 16
381 4261 440 4322 (662
456 4259 583 4312 incurrat
598 4259 727 4331 tesauris)
746 4260 872 4314 incurret
890 4261 1025 4315 thesauris
1044 4261 1118 4319 alu
1179 4264 1213 4316 20
1229 4279 1291 4316 666-

150 4347 195 4403 det
213 4352 239 4402 A
260 4353 293 4411 (6.
312 4353 360 4401 662
377 4349 391 4400 1
408 4349 441 4407 itl
459 4348 487 4401 P
505 4348 554 4416 l-it
570 4353 628 4414 m2)
702 4365 842 4419 sequen-ro
861 4350 900 4419 (re
920 4356 1001 4420 eras.)
1022 4351 1049 4404 A
1104 4351 1295 4416 2416666666
