3100 4967
238 395 303 458 362
660 431 664 440 ,
708 393 928 462 [Ambrosiil

238 583 320 650 dico.
350 587 383 649 et
404 583 475 649 ideo
500 583 579 649 mihi
601 584 761 667 tripertito
787 583 1031 668 distinguendus
1060 583 1191 648 indetur
1212 603 1283 650 esse
1305 591 1386 652 trac-

236 693 335 766 tatus,
359 709 442 755 unus
465 690 620 756 aduersus
644 690 791 774 gentiles,
818 691 900 755 alins
925 689 1079 756 aduersus
1102 691 1250 772 Iudaeos,
1270 695 1385 760 tertius

237 787 325 881 apul
345 796 554 863 Christianos.
1024 785 1026 790 ¹

148 909 213 988 3,6
281 905 408 970 Primus
435 905 536 989 igitur
562 905 717 970 aduersus
747 906 883 990 gentiles
911 904 991 969 mihi
1020 923 1122 970 sermo
1152 909 1212 985 est,
1241 906 1296 989 qui
1318 909 1384 989 ple·
1447 919 1468 974 C

236 1032 371 1096 rumque
393 1013 552 1078 obiectare
576 1017 787 1078 consuerunt:
812 1015 897 1078 ‘ecce
919 1013 1079 1094 quomodo
1101 1007 1274 1079 Christiani
1296 1015 1385 1080 inno·
1418 1035 1431 1074 s

238 1120 375 1184 centiam
403 1121 589 1202 sequuntur,
617 1119 711 1184 fidem
737 1120 930 1203 praeferunt
960 1119 1147 1204 religionem
1180 1125 1384 1200 uenerantur,
1446 1132 1470 1186 Ι)

207 1249 210 1257 ’
237 1227 417 1291 castitatem
442 1225 565 1302 docent,
590 1245 725 1308 quorum
747 1226 905 1309 principes
930 1231 962 1291 et
983 1226 1156 1292 homicidia
1179 1228 1212 1292 et
1230 1227 1386 1293 adulteria

236 1334 352 1399 fecisse
379 1333 581 1417 produntur?
607 1332 678 1416 ipse
705 1331 822 1410 Dauid,
850 1332 889 1398 de
917 1333 1009 1398 cuius
1039 1351 1161 1418 genere,
1195 1337 1234 1399 ut
1266 1334 1383 1414 dicitis,

237 1440 325 1506 nasci
362 1439 509 1506 Christus
546 1440 654 1524 elegit,
691 1439 762 1524 ipse
800 1442 833 1504 et
868 1439 1041 1505 homicidia
1073 1457 1131 1505 sus
1164 1444 1196 1506 et
1228 1440 1384 1506 adulteria

237 1546 427 1639 lecantanit.
467 1547 578 1628 quales
619 1549 756 1628 possunt
797 1565 868 1611 esse
914 1546 1076 1629 discipuli,
1122 1541 1262 1629 quorum
1301 1549 1382 1614 tales
1403 1568 1426 1606 ro

194 1659 212 1721 7
237 1653 384 1737 magistri
408 1655 521 1718 suntl'
544 1653 621 1736 quid
642 1653 768 1738 igitur?
792 1671 946 1738 negamus
971 1655 1092 1719 factum
1116 1671 1154 1718 an
1178 1653 1382 1738 repudiamus

237 1760 451 1845 magistmm?
478 1759 558 1824 nihil
585 1759 713 1837 homm3
738 1759 795 1826 sed
823 1760 878 1843 qni
905 1761 1046 1842 speciem
1074 1762 1173 1826 obicit
1205 1763 1382 1827 communi-

237 1871 336 1932 tatem
364 1867 553 1932 consideret.
582 1867 705 1949 species
728 1868 806 1933 facti
831 1873 881 1933 est
905 1868 1117 1934 communitas
1141 1871 1280 1935 naturae.
1302 1869 1382 1934 nihil
1441 1879 1463 1932 Ε

236 1973 337 2059 igitur
359 1975 476 2040 mirum
500 1975 529 2039 si
550 1975 634 2041 intra
657 1975 896 2062 generalitatem
917 1976 1040 2060 species
1060 1979 1119 2043 est.
1140 1963 1277 2059 agnosco
1297 1976 1381 2040 enim

237 2083 397 2147 hominem
424 2082 526 2147 luisse
554 2083 670 2161 Dauid,
699 2085 732 2147 et
758 2083 838 2146 nihil
866 2082 1001 2147 mirum:
1031 2100 1169 2166 agnosco
1203 2101 1380 2159 commune,
1400 2099 1423 2140 rs

235 2193 274 2255 nt
290 2190 386 2254 homo
405 2193 526 2270 peccet.
545 2209 603 2254 nec
622 2189 705 2254 enim
723 2207 810 2254 noua
827 2188 994 2254 infirmitas
1014 2187 1208 2256 condicionis
1228 2189 1383 2253 humanae

236 2295 404 2380 magisque
437 2296 554 2361 mhum
586 2296 725 2373 uidetur,
759 2295 787 2362 si
816 2296 910 2361 homo
938 2299 1072 2379 peccato·
1098 2299 1204 2360 careat
1231 2313 1326 2378 quam
1355 2295 1382 2359 si

236 2406 402 2486 peccatum
415 2402 544 2470 incidat.
562 2403 641 2468 lecit
657 2403 757 2487 igitur
774 2405 941 2484 peccatum
960 2405 1090 2467 sanctus
1110 2401 1214 2468 Dauid
1231 2439 1275 2450 ·-
1292 2403 1381 2467 nullo

236 2508 384 2593 ambiguo
417 2528 477 2574 uos
509 2509 623 2575 tenebo
656 2547 711 2588 —-,
743 2509 821 2574 fecit
858 2509 1060 2586 adiutorium,
1098 2513 1296 2574 commentus
1334 2513 1383 2573 est

235 2615 444 2681 homicidium
481 2619 513 2681 et
549 2621 748 2682 commentus
787 2620 844 2680 est¹
873 2619 905 2681 et
940 2616 1073 2700 peregit.
1109 2616 1256 2698 peccauit
1293 2615 1377 2698 quod
1399 2633 1424 2675 n

236 2723 340 2788 solent
374 2741 479 2807 reges,
517 2721 574 2788 sed
610 2723 838 2806 paenitentiam
870 2723 972 2806 gessit
1008 2725 1040 2786 et
1071 2722 1171 2800 fleuit,
1205 2720 1290 2804 qnod
1321 2742 1381 2787 non
1440 2731 1460 2785 F

237 2828 341 2893 solent
371 2849 474 2914 rages.
507 2831 636 2915 rogauit
667 2829 794 2894 ueniam
826 2849 887 2894 non
921 2829 1077 2914 adrogans
1110 2828 1293 2910 potestatis,
1327 2828 1382 2893 scd

236 2935 430 3001 infirmitatis
464 2955 542 3001 snae
574 2937 732 3015 conscius,
767 2938 946 3020 prostratus
983 2936 1015 3000 iu
1051 2939 1167 3000 terram
1206 2935 1310 3002 cilicio
1349 2953 1383 3000 se

238 3043 372 3125 operuit,
398 3042 517 3108 oblitus
541 3043 667 3125 imperii
691 3046 724 3107 et
746 3059 869 3107 memor
891 3042 1014 3124 cnlpae.

193 3153 213 3214 8
254 3148 385 3251 lQuem
408 3149 487 3214 mihi
510 3154 546 3214 tu
570 3149 704 3215 huiusce
727 3147 814 3213 modi
838 3149 997 3233 repperias
1020 3148 1136 3227 uirum,
1161 3148 1268 3230 quiin
1293 3153 1381 3232 pote·
1397 3155 1501 3212 arslot

238 3260 321 3320 state
355 3257 550 3322 constitutus
589 3275 650 3321 non
687 3255 791 3340 magis
828 3255 961 3320 crimina
998 3273 1056 3320 sua
1093 3255 1216 3340 diligat,
1254 3255 1381 3339 culpam

327 3473 460 3527 ancon.
481 3474 506 3542 1,
526 3474 539 3528 l
595 3471 630 3527 20
649 3471 683 3526 cf.
704 3471 737 3526 de
756 3473 827 3543 spol.
846 3473 915 3526 Dan.
935 3475 961 3538 t,
982 3474 1015 3527 15

276 3598 288 3650 l
310 3597 376 3649 mihi
394 3596 532 3666 tripertito
554 3597 609 3651 TN
625 3597 763 3666 tripertito
782 3597 848 3650 mihi
868 3603 915 3651 eet.
1033 3596 1242 3667 distinguendus
1260 3597 1328 3650 mihi
1347 3595 1382 3649 B'

275 3701 334 3738 esse
346 3684 461 3759 'uidetur
478 3685 513 3747 B,
534 3701 592 3738 esse
611 3701 661 3739 om.
681 3685 717 3739 P‘
789 3687 805 3738 2
825 3689 920 3756 gentes
938 3683 1038 3739 PP‘M
1103 3687 1119 3739 5
1139 3688 1337 3739 consueuerant
1353 3681 1387 3737 N

239 3775 303 3826 let
316 3788 361 3841 pr.
381 3790 432 3827 ons.
451 3773 519 3826 ΠΜ
588 3777 617 3827 et
634 3773 781 3828 homicidia
800 3789 850 3831 orn.
870 3773 972 3828 BT‘P‘
1027 3775 1165 3829 Bsemine
1184 3773 1254 3828 B'P'
1316 3777 1383 3842 post

238 3862 328 3916 licitis
344 3862 408 3916 add.
423 3863 452 3916 in
467 3879 519 3931 qno
534 3861 564 3915 D
576 3863 666 3932 inquit
678 3863 807 3918 BB⁴PM
822 3869 848 3918 et
866 3867 914 3938 ori
929 3864 960 3917 T‘
980 3863 1109 3934 inquiunt
1125 3863 1158 3917 T‘
1173 3867 1220 3918 m3
1238 3867 1264 3917 ct
1281 3862 1313 3916 in
1330 3879 1381 3931 mg.

239 3957 284 4006 rn2
356 3937 404 4022 {ps
427 3951 483 4006 TN
497 3937 547 4021 ᾗ
564 3969 594 4006 se
612 3957 659 4006 cet.
717 3954 746 4007 11
769 3951 834 4022 quid
853 3969 916 4022 ergo
936 3951 997 4006 DN
1061 3951 1222 4007 reincidat.
1241 3951 1308 4006 fecit
1329 3949 1385 4004 TN

239 4041 340 4095 fecerit.
361 4041 428 4096 iecit
445 4041 475 4094 D
492 4040 590 4095 fecerit
609 4041 642 4096 P‘
659 4042 749 4110 inquit
767 4041 859 4096 affecit
877 4041 938 4094 BB⁴
959 4047 983 4095 el
1007 4041 1108 4111 (inquit
1132 4041 1182 4096 del.
1202 4043 1259 4104 m2)
1282 4041 1314 4095 Γ
1333 4039 1381 4094 ali·

240 4128 311 4200 qnod
330 4130 439 4184 affectet
457 4129 521 4183 PM
603 4135 742 4199 peccalum
766 4131 852 4185 ΤΗΝ
868 4135 962 4201 perant
980 4131 1045 4184 B'P
1061 4131 1186 4201 peccauit
1207 4126 1239 4184 Y‘
1258 4130 1297 4200 (ni
1315 4145 1335 4184 a.
1355 4145 1382 4182 u.

240 4223 294 4284 m2)
315 4224 362 4273 cet.
432 4220 466 4272 19
485 4222 514 4272 et
533 4222 674 4272 comentur
692 4219 728 4271 B‘
746 4235 795 4273 nec
814 4225 958 4274 contentos
978 4219 1012 4273 P‘
1080 4219 1115 4276 20
1135 4223 1163 4275 et
1176 4236 1221 4289 pr.
1241 4236 1293 4274 om.
1312 4219 1382 4273 ΒΨ

240 4309 274 4360 25
294 4307 413 4376 repperis
431 4307 487 4361 TN
