3100 4967
270 441 335 505 530
738 432 937 488 Ambrosii

269 640 339 700 tum
367 635 500 701 reddes'.
533 634 745 717 praetendunt
768 634 888 699 alienos
911 633 1028 699 fundos
1052 633 1259 713 adulescenti,
1282 639 1321 700 ut
1343 656 1414 701 eum

270 742 409 825 spolient
437 742 519 807 suis:
554 742 689 806 tendunt
714 742 804 819 retia,
834 741 933 806 simul
954 744 991 805 ut
1013 742 1162 826 indagine
1186 742 1290 807 cincta
1313 745 1414 827 spatia

269 848 365 911 luerit
401 848 577 931 ingressus,
616 850 735 934 coguut
771 866 844 912 eum
881 848 913 911 in
945 847 1026 912 retia
1058 847 1250 925 cautionum,
1283 851 1415 932 laqueos

268 974 451 1031 usurarum3
485 958 599 1039 petunt
626 954 758 1039 obligari
788 953 849 1019 sibi
878 954 1001 1019 auitum
1024 955 1226 1037 praetorium,
1250 958 1415 1037 paternum

271 1061 485 1145 sepulchrum.
509 1062 733 1145 praestituitur
756 1061 823 1125 dies
848 1061 1010 1139 solutioni,
1035 1061 1258 1126 dissimulatur
1281 1082 1416 1128 conuen-
1441 1084 1452 1120 ⁵

269 1169 326 1245 tio,
351 1168 475 1251 quando
499 1172 607 1252 potest
630 1168 748 1233 solutio
773 1168 934 1235 sustineri.
957 1168 1013 1232 ubi
1037 1168 1115 1232 satis
1140 1187 1290 1234 socruum
1310 1162 1415 1234 reddi·
1472 1184 1491 1237 B

271 1275 383 1353 derint,
424 1278 551 1359 repento
587 1276 739 1359 ingruunt
777 1278 808 1340 et
844 1274 965 1340 instant
1002 1275 1234 1353 uehementius,
1273 1278 1415 1342 causanti

269 1382 458 1447 incumbunt
486 1382 640 1447 dicentes:
674 1386 720 1446 ‘tu
752 1381 898 1464 possides
931 1384 988 1446 tua
1019 1381 1156 1463 praedia,
1185 1401 1242 1446 nos
1275 1386 1415 1448 nostram

269 1488 435 1571 pecuniam
469 1508 529 1554 non
562 1489 731 1553 habemus:
765 1508 877 1553 aurum
911 1488 1067 1566 dedimus,
1099 1487 1223 1571 lignum
1254 1492 1414 1554 tenemus:

269 1596 329 1659 tihi
365 1596 528 1661 fructuum
567 1597 781 1661 emolumenta
816 1596 1001 1677 procedunt,
1030 1595 1122 1659 nohis
1151 1595 1232 1659 nihil
1265 1597 1417 1661 accrescit
1435 1624 1455 1658 n

270 1702 432 1785 pecuniae.
478 1703 581 1766 otiosa
619 1702 759 1767 causatio
798 1704 861 1766 est:
902 1701 1017 1765 saltem
1052 1705 1224 1767 renouetur
1259 1702 1417 1786 chirogra-

269 1810 389 1891 phum‘.

183 1915 214 1997 7,
227 1915 268 1977 25
315 1916 427 1998 Itaque
451 1916 524 1979 dum
550 1916 651 1999 primo
677 1915 864 1980 adulescens
887 1914 967 1979 nihil
995 1917 1088 1997 putat
1114 1913 1153 1977 de
1176 1914 1323 1979 uestibus
1350 1916 1415 1979 suis
1475 1930 1492 1983 1
1540 1905 1541 1938 r

271 2025 327 2087 aut
345 2024 439 2087 etiarn
459 2023 715 2105 possessionibus
735 2042 805 2087 esse
824 2003 1024 2087 uendendum
1044 2021 1158 2086 autad
1177 2022 1255 2085 haec
1273 2022 1416 2087 facienda

270 2129 375 2211 poscit
398 2130 590 2208 dilationem,
614 2149 730 2195 usurae
755 2129 956 2212 adplicantur
979 2128 1017 2193 ad
1041 2131 1169 2197 uortern,
1194 2128 1416 2192 adcumulatur
1434 2153 1456 2191 u

272 2237 455 2300 centesima.
480 2237 543 2301 iam
567 2236 725 2321 suspirare
749 2237 871 2319 incipit,
894 2236 957 2300 iam
982 2236 1101 2300 malum
1121 2254 1217 2299 suum
1236 2253 1416 2319 agnoscere.

272 2342 322 2407 die
345 2362 382 2407 ao
405 2348 496 2409 nocte
520 2362 649 2409 usuram
670 2344 801 2423 cogitat,
821 2342 973 2426 quicquid
991 2341 1171 2419 occurrerit,
1190 2341 1415 2407 faeneratorem
1473 2348 1490 2400 1³

272 2453 373 2533 putat,
412 2450 564 2534 quicquid
603 2450 770 2533 crepuerit,
808 2469 921 2515 uocem
958 2449 1019 2513 sihi
1051 2448 1181 2513 uidetur
1212 2449 1416 2514 faeneratoris

273 2556 390 2621 audire.
425 2558 451 2622 si
480 2557 589 2635 hahes,
618 2576 674 2622 cur
701 2576 762 2623 non
792 2556 914 2622 soluis?
944 2556 972 2620 si
999 2575 1061 2620 non
1084 2556 1193 2633 habas,
1218 2574 1275 2620 cur
1297 2556 1417 2619 malum

271 2664 355 2727 malo
380 2663 526 2748 adiungis
551 2668 583 2728 et
610 2664 648 2729 de
676 2665 808 2729 uulnere
836 2663 961 2745 quaeris
988 2663 1184 2727 remedium?
1217 2680 1273 2727 cur
1301 2662 1457 2727 cotidiae

273 2770 470 2835 ohsidionem
493 2772 609 2853 pateris
636 2770 852 2847 faeneratoris,
885 2768 1149 2853 expugnationem
1177 2769 1295 2833 times?
1323 2775 1416 2833 uetus

273 2878 430 2941 sententia
445 2880 506 2941 est:
528 2877 804 2943 faeneratoris
824 2880 864 2941 et
883 2876 1087 2940 debitoris
1107 2875 1188 2939 sibi
1209 2893 1417 2939 occurren·

272 2984 373 3048 tium
411 2989 675 3067 prospectum
714 2984 919 3047 amborum
955 2982 1059 3047 lacit
1100 2982 1296 3046 dominus.
1341 2983 1418 3046 alter

362 3302 396 3355 22
416 3298 543 3355 Prouerb.
564 3298 606 3362 29,
629 3298 660 3351 13
680 3296 742 3351 Bas.
762 3296 815 3350 269
834 3297 856 3348 A
878 3296 942 3364 (108
961 3296 993 3361 Ε)

312 3477 443 3531 lsundos
463 3477 566 3531 alienos
586 3474 642 3527 BT
696 3473 791 3527 londos
812 3476 839 3539 (v
857 3489 878 3526 a.
898 3488 914 3525 a
932 3470 1040 3538 m2)V
1092 3469 1253 3525 aduliscenti
1272 3470 1300 3523 P
1340 3472 1418 3523 Pex-

273 3567 379 3637 policnt
396 3567 426 3621 D
445 3571 469 3618 et
489 3566 551 3636 (om.
572 3566 639 3635 suis)
658 3564 691 3617 P'
742 3564 838 3617 deum
859 3578 910 3615 om.
923 3560 979 3614 BT
1027 3560 1215 3629 5sepulcrum
1238 3558 1292 3613 VD
1347 3560 1418 3612 solu·

273 3656 342 3709 tioni
367 3655 494 3721 sustineri
521 3655 658 3723 (sustineri
683 3670 741 3722 coep.
765 3654 823 3720 on2)
853 3651 942 3721 Vlia
963 3667 1017 3720 quo
1041 3650 1419 3704 dissimulatur...sustineri

273 3746 353 3813 infru
371 3746 403 3799 in
421 3762 470 3814 nro.
490 3747 547 3811 m2)
604 3747 619 3799 6
640 3750 748 3797 securus
769 3746 793 3807 (s
813 3742 862 3795 alt.
882 3745 963 3803 arua)
983 3739 1012 3792 B
1066 3741 1081 3792 7
1101 3738 1207 3792 instant
1231 3736 1320 3791 VDP'
1338 3744 1364 3791 el
1382 3740 1419 3806 (et

274 3838 335 3901 omn)
360 3834 474 3888 Ostout
487 3832 570 3887 PBT
623 3831 797 3885 uehementer
817 3830 883 3896 (tius
901 3846 923 3886 a.
938 3833 981 3883 tar
994 3830 1051 3895 m2)
1072 3828 1098 3883 V
1134 3828 1165 3882 ll
1187 3828 1277 3880 cautio
1292 3826 1320 3879 B
1338 3826 1372 3895 (ti
1391 3828 1420 3879 ia

273 3922 341 3993 ras.)
366 3922 419 3975 VT
472 3920 652 3991 chirografum
668 3920 724 3973 PV
740 3920 928 3989 cirographum
947 3919 971 3971 T
989 3917 1159 3988 cyrografum
1177 3916 1205 3969 B
1224 3914 1419 3985 cyrographum

274 4019 321 4067 cat.
379 4014 412 4067 13
430 4012 546 4081 primum
565 4010 657 4072 ΒΗΤ,
677 4026 727 4064 om.
747 4008 782 4061 P‘
838 4008 990 4062 aduliscens
1005 4008 1032 4059 P
1084 4006 1167 4060 nichil
1184 4004 1342 4059 adolescens
1356 4004 1420 4057 DF

274 4102 308 4155 14
328 4099 491 4154 uindeudum
510 4099 538 4153 P
609 4101 657 4152 aut
675 4097 830 4154 orruDP‘G
901 4096 934 4150 ad
953 4096 1046 4150 om.P
1102 4096 1134 4149 16
1154 4094 1295 4148 centisima
1314 4092 1419 4145 Peen-

273 4190 390 4243 tonsirna
412 4189 439 4241 V
490 4186 696 4242 accumulantur
715 4190 807 4251 (antur
824 4202 858 4239 ex
876 4189 939 4239 ante
959 4185 1003 4251 P')
1022 4184 1187 4239 centesimae
1200 4182 1264 4235 DP‘
1303 4182 1336 4234 17
1356 4197 1418 4232 ocu·

274 4280 338 4333 rerit
358 4280 384 4331 P
445 4278 477 4331 18
496 4277 661 4347 increpuerit
686 4275 711 4327 V
779 4275 963 4328 faeneratores
983 4274 1009 4325 P
1069 4273 1105 4326 22
1118 4276 1183 4340 post
1202 4269 1336 4330 debitoris¹
1352 4268 1417 4322 odd.

273 4368 388 4421 inuicem
414 4366 492 4419 VBT
