<?xml version="1.0" encoding="UTF-8"?>
<!DOCTYPE html PUBLIC "-//W3C//DTD XHTML 1.0 Transitional//EN"
    "http://www.w3.org/TR/xhtml1/DTD/xhtml1-transitional.dtd">
<html xmlns="http://www.w3.org/1999/xhtml" xml:lang="en" lang="en">
 <head>
  <title>
</title>
<meta http-equiv="Content-Type" content="text/html;charset=utf-8" />
  <meta name='ocr-system' content='tesseract 3.04.00' />
  <meta name='ocr-capabilities' content='ocr_page ocr_carea ocr_par ocr_line ocrx_word'/>
</head>
<body>
  <div class='ocr_page' id='page_1' title='image "./corpusscriptoru13wiengoog/corpusscriptoru13wiengoog_0364.png"; bbox 0 0 3100 4967; ppageno 0'>
   <div class='ocr_carea' id='block_1_1' title="bbox 223 414 895 483">
    <p class='ocr_par' dir='ltr' id='par_1_1' title="bbox 223 414 895 483">
     <span class='ocr_line' id='line_1_1' title="bbox 223 414 895 483; baseline 0 -16"><span class='ocrx_word' id='word_1_1' title='bbox 223 420 288 483; x_wconf 83' lang='lat'><strong>306</strong></span> <span class='ocrx_word' id='word_1_2' title='bbox 697 414 895 469; x_wconf 77' lang='lat' dir='ltr'>Ambrosii</span> 
     </span>
    </p>
   </div>
   <div class='ocr_carea' id='block_1_2' title="bbox 222 610 1461 2509">
    <p class='ocr_par' dir='ltr' id='par_1_2' title="bbox 222 610 1370 801">
     <span class='ocr_line' id='line_1_2' title="bbox 222 610 1370 697; baseline -0.003 -20"><span class='ocrx_word' id='word_1_3' title='bbox 222 630 300 695; x_wconf 89' lang='lat' dir='ltr'><strong>pens</strong></span> <span class='ocrx_word' id='word_1_4' title='bbox 323 615 487 694; x_wconf 81' lang='lat' dir='ltr'><strong>tamquam</strong></span> <span class='ocrx_word' id='word_1_5' title='bbox 511 610 652 678; x_wconf 82' lang='lat' dir='ltr'><strong>confixus</strong></span> <span class='ocrx_word' id='word_1_6' title='bbox 676 611 772 689; x_wconf 83' lang='lat' dir='ltr'><strong>eruci,</strong></span> <span class='ocrx_word' id='word_1_7' title='bbox 797 610 871 695; x_wconf 89' lang='lat' dir='ltr'><strong>quia</strong></span> <span class='ocrx_word' id='word_1_8' title='bbox 894 630 989 677; x_wconf 88' lang='lat' dir='ltr'><strong>uerus</strong></span> <span class='ocrx_word' id='word_1_9' title='bbox 1010 610 1241 697; x_wconf 84' lang='lat' dir='ltr'><strong>crucifigendus</strong></span> <span class='ocrx_word' id='word_1_10' title='bbox 1262 610 1370 696; x_wconf 78' lang='lat' dir='ltr'>generi</span> 
     </span>
     <span class='ocr_line' id='line_1_3' title="bbox 224 718 1368 801; baseline -0.003 -18"><span class='ocrx_word' id='word_1_11' title='bbox 224 718 469 783; x_wconf 76' lang='lat' dir='ltr'><strong>adnuntiabatur</strong></span> <span class='ocrx_word' id='word_1_12' title='bbox 491 719 639 797; x_wconf 75' lang='lat' dir='ltr'><strong>humano,</strong></span> <span class='ocrx_word' id='word_1_13' title='bbox 664 718 719 801; x_wconf 91' lang='lat' dir='ltr'><strong>qui</strong></span> <span class='ocrx_word' id='word_1_14' title='bbox 743 718 900 801; x_wconf 90' lang='lat' dir='ltr'><strong>serpentis</strong></span> <span class='ocrx_word' id='word_1_15' title='bbox 924 718 1042 783; x_wconf 87' lang='lat' dir='ltr'><strong>diaboli</strong></span> <span class='ocrx_word' id='word_1_16' title='bbox 1065 737 1187 783; x_wconf 88' lang='lat' dir='ltr'><strong>uenena</strong></span> <span class='ocrx_word' id='word_1_17' title='bbox 1208 720 1368 794; x_wconf 79' lang='lat' dir='ltr'><strong>recurret,</strong></span> 
     </span>
    </p>

    <p class='ocr_par' dir='ltr' id='par_1_3' title="bbox 224 823 1461 2402">
     <span class='ocr_line' id='line_1_4' title="bbox 224 823 1371 909; baseline -0.003 -19"><span class='ocrx_word' id='word_1_18' title='bbox 224 826 255 890; x_wconf 93' lang='lat' dir='ltr'><strong>in</strong></span> <span class='ocrx_word' id='word_1_19' title='bbox 293 826 396 909; x_wconf 90' lang='lat' dir='ltr'><strong>figura</strong></span> <span class='ocrx_word' id='word_1_20' title='bbox 432 824 633 903; x_wconf 88' lang='lat' dir='ltr'><strong>maledictus,</strong></span> <span class='ocrx_word' id='word_1_21' title='bbox 670 825 701 889; x_wconf 89' lang='lat' dir='ltr'><strong>iu</strong></span> <span class='ocrx_word' id='word_1_22' title='bbox 734 825 869 889; x_wconf 89' lang='lat' dir='ltr'><strong>ueritate</strong></span> <span class='ocrx_word' id='word_1_23' title='bbox 901 829 1007 889; x_wconf 89' lang='lat' dir='ltr'><strong>autem</strong></span> <span class='ocrx_word' id='word_1_24' title='bbox 1041 825 1094 907; x_wconf 92' lang='lat' dir='ltr'><strong>qui</strong></span> <span class='ocrx_word' id='word_1_25' title='bbox 1127 824 1227 889; x_wconf 83' lang='lat' dir='ltr'><strong>totius</strong></span> <span class='ocrx_word' id='word_1_26' title='bbox 1260 823 1371 889; x_wconf 85' lang='lat' dir='ltr'><strong>mundi</strong></span> 
     </span>
     <span class='ocr_line' id='line_1_5' title="bbox 224 930 1372 1015; baseline -0.003 -18"><span class='ocrx_word' id='word_1_27' title='bbox 224 933 393 997; x_wconf 87' lang='lat' dir='ltr'><strong>maledicta</strong></span> <span class='ocrx_word' id='word_1_28' title='bbox 425 931 552 997; x_wconf 87' lang='lat' dir='ltr'><strong>deleret.</strong></span> <span class='ocrx_word' id='word_1_29' title='bbox 586 932 662 997; x_wconf 91' lang='lat' dir='ltr'><strong>alibi</strong></span> <span class='ocrx_word' id='word_1_30' title='bbox 695 950 832 1015; x_wconf 81' lang='lat' dir='ltr'><strong>qnoque,</strong></span> <span class='ocrx_word' id='word_1_31' title='bbox 859 931 893 995; x_wconf 85' lang='lat' dir='ltr'><strong>iu</strong></span> <span class='ocrx_word' id='word_1_32' title='bbox 921 936 971 996; x_wconf 88' lang='lat' dir='ltr'><strong>est</strong></span> <span class='ocrx_word' id='word_1_33' title='bbox 998 932 1038 995; x_wconf 85' lang='lat' dir='ltr'><strong>ad</strong></span> <span class='ocrx_word' id='word_1_34' title='bbox 1067 930 1197 996; x_wconf 84' lang='lat' dir='ltr'><strong>Galatas</strong></span> <span class='ocrx_word' id='word_1_35' title='bbox 1226 931 1271 995; x_wconf 87' lang='lat' dir='ltr'><strong>ait</strong></span> <span class='ocrx_word' id='word_1_36' title='bbox 1298 932 1372 1013; x_wconf 88' lang='lat' dir='ltr'><strong>quia</strong></span> 
     </span>
     <span class='ocr_line' id='line_1_6' title="bbox 227 1037 1461 1115; baseline -0.001 -13"><span class='ocrx_word' id='word_1_37' title='bbox 227 1040 326 1105; x_wconf 84' lang='lat' dir='ltr'><strong>duos</strong></span> <span class='ocrx_word' id='word_1_38' title='bbox 360 1038 479 1103; x_wconf 86' lang='lat' dir='ltr'><strong>filios</strong></span> <span class='ocrx_word' id='word_1_39' title='bbox 512 1038 658 1103; x_wconf 87' lang='lat' dir='ltr'><strong>habuit</strong></span> <span class='ocrx_word' id='word_1_40' title='bbox 689 1038 901 1115; x_wconf 80' lang='lat' dir='ltr'><strong>Abraham,</strong></span> <span class='ocrx_word' id='word_1_41' title='bbox 930 1058 1047 1102; x_wconf 92' lang='lat' dir='ltr'><strong>unum</strong></span> <span class='ocrx_word' id='word_1_42' title='bbox 1077 1037 1122 1102; x_wconf 89' lang='lat' dir='ltr'><strong>de</strong></span> <span class='ocrx_word' id='word_1_43' title='bbox 1151 1037 1371 1102; x_wconf 85' lang='lat' dir='ltr'><strong>ancillast</strong></span> <span class='ocrx_word' id='word_1_44' title='bbox 1402 1037 1461 1101; x_wconf 69' lang='grc' dir='ltr'><strong>ιθ</strong></span> 
     </span>
     <span class='ocr_line' id='line_1_7' title="bbox 226 1144 1370 1228; baseline 0 -19"><span class='ocrx_word' id='word_1_45' title='bbox 226 1166 344 1211; x_wconf 90' lang='lat' dir='ltr'><strong>unum</strong></span> <span class='ocrx_word' id='word_1_46' title='bbox 378 1146 422 1210; x_wconf 84' lang='lat' dir='ltr'><strong>de</strong></span> <span class='ocrx_word' id='word_1_47' title='bbox 454 1146 586 1211; x_wconf 86' lang='lat' dir='ltr'><strong>libera</strong></span> <span class='ocrx_word' id='word_1_48' title='bbox 619 1150 652 1210; x_wconf 88' lang='lat' dir='ltr'><strong>et</strong></span> <span class='ocrx_word' id='word_1_49' title='bbox 684 1144 844 1210; x_wconf 89' lang='lat' dir='ltr'><strong>subdidit:</strong></span> <span class='ocrx_word' id='word_1_50' title='bbox 880 1145 948 1211; x_wconf 86' lang='lat' dir='ltr'><strong>sed</strong></span> <span class='ocrx_word' id='word_1_51' title='bbox 976 1145 1010 1209; x_wconf 90' lang='lat' dir='ltr'><strong>is</strong></span> <span class='ocrx_word' id='word_1_52' title='bbox 1040 1146 1200 1227; x_wconf 85' lang='lat' dir='ltr'><strong>quidem</strong></span> <span class='ocrx_word' id='word_1_53' title='bbox 1230 1145 1370 1228; x_wconf 90' lang='lat' dir='ltr'><strong>quide</strong></span> 
     </span>
     <span class='ocr_line' id='line_1_8' title="bbox 227 1252 1371 1335; baseline -0.001 -18"><span class='ocrx_word' id='word_1_54' title='bbox 227 1252 385 1318; x_wconf 87' lang='lat' dir='ltr'><strong>ancilla</strong></span> <span class='ocrx_word' id='word_1_55' title='bbox 408 1253 628 1317; x_wconf 88' lang='lat' dir='ltr'><strong>secundum</strong></span> <span class='ocrx_word' id='word_1_56' title='bbox 653 1272 810 1317; x_wconf 89' lang='lat' dir='ltr'><strong>carnem</strong></span> <span class='ocrx_word' id='word_1_57' title='bbox 833 1256 953 1317; x_wconf 88' lang='lat' dir='ltr'><strong>natus</strong></span> <span class='ocrx_word' id='word_1_58' title='bbox 978 1256 1049 1335; x_wconf 82' lang='lat' dir='ltr'><strong>est,</strong></span> <span class='ocrx_word' id='word_1_59' title='bbox 1075 1252 1142 1334; x_wconf 90' lang='lat' dir='ltr'><strong>qui</strong></span> <span class='ocrx_word' id='word_1_60' title='bbox 1166 1255 1299 1317; x_wconf 88' lang='lat' dir='ltr'><strong>autem</strong></span> <span class='ocrx_word' id='word_1_61' title='bbox 1326 1252 1371 1317; x_wconf 80' lang='lat' dir='ltr'><strong>de</strong></span> 
     </span>
     <span class='ocr_line' id='line_1_9' title="bbox 228 1359 1372 1443; baseline -0.002 -18"><span class='ocrx_word' id='word_1_62' title='bbox 228 1361 360 1425; x_wconf 87' lang='lat' dir='ltr'><strong>libera</strong></span> <span class='ocrx_word' id='word_1_63' title='bbox 387 1379 456 1442; x_wconf 89' lang='lat' dir='ltr'><strong>per</strong></span> <span class='ocrx_word' id='word_1_64' title='bbox 483 1360 856 1443; x_wconf 87' lang='lat' dir='ltr'><strong>repromissionem.</strong></span> <span class='ocrx_word' id='word_1_65' title='bbox 886 1378 988 1441; x_wconf 90' lang='lat' dir='ltr'><strong>quae</strong></span> <span class='ocrx_word' id='word_1_66' title='bbox 1013 1364 1108 1423; x_wconf 90' lang='lat' dir='ltr'><strong>sunt</strong></span> <span class='ocrx_word' id='word_1_67' title='bbox 1131 1378 1199 1440; x_wconf 90' lang='lat' dir='ltr'><strong>per</strong></span> <span class='ocrx_word' id='word_1_68' title='bbox 1222 1359 1372 1443; x_wconf 90' lang='lat' dir='ltr'><strong>allego·</strong></span> 
     </span>
     <span class='ocr_line' id='line_1_10' title="bbox 227 1464 1374 1550; baseline -0.003 -18"><span class='ocrx_word' id='word_1_69' title='bbox 227 1468 313 1532; x_wconf 90' lang='lat' dir='ltr'><strong>rian</strong></span> <span class='ocrx_word' id='word_1_70' title='bbox 353 1467 471 1532; x_wconf 84' lang='lat' dir='ltr'><strong>dicta.</strong></span> <span class='ocrx_word' id='word_1_71' title='bbox 510 1467 586 1549; x_wconf 85' lang='lat' dir='ltr'><strong>quid</strong></span> <span class='ocrx_word' id='word_1_72' title='bbox 623 1466 666 1531; x_wconf 87' lang='lat' dir='ltr'><strong>eit</strong></span> <span class='ocrx_word' id='word_1_73' title='bbox 698 1486 753 1549; x_wconf 89' lang='lat' dir='ltr'><strong>per</strong></span> <span class='ocrx_word' id='word_1_74' title='bbox 784 1466 955 1550; x_wconf 82' lang='lat' dir='ltr'><strong>allegorian</strong></span> <span class='ocrx_word' id='word_1_75' title='bbox 990 1465 1196 1547; x_wconf 87' lang='lat' dir='ltr'><strong>sequentibus</strong></span> <span class='ocrx_word' id='word_1_76' title='bbox 1228 1464 1374 1547; x_wconf 78' lang='lat' dir='ltr'><strong>exposuit</strong></span> 
     </span>
     <span class='ocr_line' id='line_1_11' title="bbox 228 1572 1418 1657; baseline -0.003 -18"><span class='ocrx_word' id='word_1_77' title='bbox 228 1574 391 1639; x_wconf 87' lang='lat' dir='ltr'><strong>euidenter</strong></span> <span class='ocrx_word' id='word_1_78' title='bbox 423 1574 530 1638; x_wconf 87' lang='lat' dir='ltr'><strong>dicens</strong></span> <span class='ocrx_word' id='word_1_79' title='bbox 563 1573 641 1637; x_wconf 88' lang='lat' dir='ltr'><strong>duas</strong></span> <span class='ocrx_word' id='word_1_80' title='bbox 674 1573 745 1639; x_wconf 90' lang='lat' dir='ltr'><strong>illas</strong></span> <span class='ocrx_word' id='word_1_81' title='bbox 778 1572 1008 1657; x_wconf 83' lang='lat' dir='ltr'><strong>generationes,</strong></span> <span class='ocrx_word' id='word_1_82' title='bbox 1040 1592 1136 1637; x_wconf 89' lang='lat' dir='ltr'><strong>unam</strong></span> <span class='ocrx_word' id='word_1_83' title='bbox 1174 1572 1211 1636; x_wconf 87' lang='lat' dir='ltr'><strong>de</strong></span> <span class='ocrx_word' id='word_1_84' title='bbox 1248 1572 1418 1644; x_wconf 80' lang='lat' dir='ltr'><strong>ancillam</strong></span> 
     </span>
     <span class='ocr_line' id='line_1_12' title="bbox 228 1678 1373 1763; baseline -0.003 -17"><span class='ocrx_word' id='word_1_85' title='bbox 228 1683 357 1746; x_wconf 89' lang='lat' dir='ltr'><strong>alteram</strong></span> <span class='ocrx_word' id='word_1_86' title='bbox 382 1681 419 1744; x_wconf 89' lang='lat' dir='ltr'><strong>de</strong></span> <span class='ocrx_word' id='word_1_87' title='bbox 442 1681 550 1757; x_wconf 85' lang='lat' dir='ltr'><strong>libera,</strong></span> <span class='ocrx_word' id='word_1_88' title='bbox 570 1680 632 1744; x_wconf 88' lang='lat' dir='ltr'><strong>duo</strong></span> <span class='ocrx_word' id='word_1_89' title='bbox 653 1698 722 1745; x_wconf 88' lang='lat' dir='ltr'><strong>esse</strong></span> <span class='ocrx_word' id='word_1_90' title='bbox 741 1683 944 1755; x_wconf 84' lang='lat' dir='ltr'><strong>testamenta,</strong></span> <span class='ocrx_word' id='word_1_91' title='bbox 963 1699 1064 1744; x_wconf 88' lang='lat' dir='ltr'><strong>unum</strong></span> <span class='ocrx_word' id='word_1_92' title='bbox 1082 1678 1209 1763; x_wconf 89' lang='lat' dir='ltr'><strong>quidem</strong></span> <span class='ocrx_word' id='word_1_93' title='bbox 1230 1697 1247 1742; x_wconf 88' lang='lat' dir='ltr'><strong>a</strong></span> <span class='ocrx_word' id='word_1_94' title='bbox 1266 1682 1373 1745; x_wconf 91' lang='lat' dir='ltr'><strong>monte</strong></span> 
     </span>
     <span class='ocr_line' id='line_1_13' title="bbox 230 1786 1373 1871; baseline -0.004 -17"><span class='ocrx_word' id='word_1_95' title='bbox 230 1788 304 1854; x_wconf 87' lang='lat' dir='ltr'><strong>Sina</strong></span> <span class='ocrx_word' id='word_1_96' title='bbox 336 1788 367 1851; x_wconf 89' lang='lat' dir='ltr'><strong>in</strong></span> <span class='ocrx_word' id='word_1_97' title='bbox 402 1788 590 1852; x_wconf 84' lang='lat' dir='ltr'><strong>seruitutem</strong></span> <span class='ocrx_word' id='word_1_98' title='bbox 624 1806 787 1871; x_wconf 83' lang='lat' dir='ltr'><strong>generans,</strong></span> <span class='ocrx_word' id='word_1_99' title='bbox 820 1787 852 1849; x_wconf 90' lang='lat' dir='ltr'><strong>in</strong></span> <span class='ocrx_word' id='word_1_100' title='bbox 886 1806 948 1869; x_wconf 92' lang='lat' dir='ltr'><strong>quo</strong></span> <span class='ocrx_word' id='word_1_101' title='bbox 977 1789 1086 1851; x_wconf 92' lang='lat' dir='ltr'><strong>monte</strong></span> <span class='ocrx_word' id='word_1_102' title='bbox 1113 1787 1216 1869; x_wconf 91' lang='lat' dir='ltr'><strong>legem</strong></span> <span class='ocrx_word' id='word_1_103' title='bbox 1244 1786 1373 1868; x_wconf 88' lang='lat' dir='ltr'><strong>Moyses</strong></span> 
     </span>
     <span class='ocr_line' id='line_1_14' title="bbox 229 1893 1375 1979; baseline -0.003 -20"><span class='ocrx_word' id='word_1_104' title='bbox 229 1894 352 1979; x_wconf 88' lang='lat' dir='ltr'><strong>accepit</strong></span> <span class='ocrx_word' id='word_1_105' title='bbox 384 1914 402 1957; x_wconf 92' lang='lat' dir='ltr'><strong>a</strong></span> <span class='ocrx_word' id='word_1_106' title='bbox 434 1894 571 1971; x_wconf 80' lang='lat' dir='ltr'><strong>domino,</strong></span> <span class='ocrx_word' id='word_1_107' title='bbox 605 1895 740 1959; x_wconf 87' lang='lat' dir='ltr'><strong>alterum</strong></span> <span class='ocrx_word' id='word_1_108' title='bbox 773 1897 880 1958; x_wconf 84' lang='lat' dir='ltr'><strong>eutem</strong></span> <span class='ocrx_word' id='word_1_109' title='bbox 909 1894 947 1957; x_wconf 88' lang='lat' dir='ltr'><strong>ab</strong></span> <span class='ocrx_word' id='word_1_110' title='bbox 976 1893 1187 1973; x_wconf 81' lang='lat' dir='ltr'><strong>Hierusalem,</strong></span> <span class='ocrx_word' id='word_1_111' title='bbox 1216 1912 1297 1973; x_wconf 90' lang='lat' dir='ltr'><strong>quae</strong></span> <span class='ocrx_word' id='word_1_112' title='bbox 1325 1896 1375 1956; x_wconf 88' lang='lat' dir='ltr'><strong>est</strong></span> 
     </span>
     <span class='ocr_line' id='line_1_15' title="bbox 229 2000 1461 2083; baseline -0.007 -17"><span class='ocrx_word' id='word_1_113' title='bbox 229 2003 337 2078; x_wconf 84' lang='lat' dir='ltr'><strong>libera,</strong></span> <span class='ocrx_word' id='word_1_114' title='bbox 367 2020 446 2083; x_wconf 91' lang='lat' dir='ltr'><strong>quae</strong></span> <span class='ocrx_word' id='word_1_115' title='bbox 475 2001 511 2065; x_wconf 90' lang='lat' dir='ltr'><strong>in</strong></span> <span class='ocrx_word' id='word_1_116' title='bbox 535 2001 624 2067; x_wconf 83' lang='lat' dir='ltr'><strong>Isaac</strong></span> <span class='ocrx_word' id='word_1_117' title='bbox 652 2000 835 2077; x_wconf 82' lang='lat' dir='ltr'><strong>lilios‚.hoo</strong></span> <span class='ocrx_word' id='word_1_118' title='bbox 859 2000 963 2065; x_wconf 88' lang='lat' dir='ltr'><strong>estin</strong></span> <span class='ocrx_word' id='word_1_119' title='bbox 988 2000 1133 2064; x_wconf 88' lang='lat' dir='ltr'><strong>libertate</strong></span> <span class='ocrx_word' id='word_1_120' title='bbox 1158 2000 1288 2083; x_wconf 83' lang='lat' dir='ltr'><strong>gratiae,</strong></span> <span class='ocrx_word' id='word_1_121' title='bbox 1313 2019 1373 2063; x_wconf 91' lang='lat' dir='ltr'><strong>non</strong></span> <span class='ocrx_word' id='word_1_122' title='bbox 1435 2004 1461 2057; x_wconf 87' lang='grc' dir='ltr'><strong>Ι)</strong></span> 
     </span>
     <span class='ocr_line' id='line_1_16' title="bbox 229 2106 1419 2191; baseline -0.006 -19"><span class='ocrx_word' id='word_1_123' title='bbox 229 2108 352 2173; x_wconf 75' lang='lat' dir='ltr'><strong>litterae</strong></span> <span class='ocrx_word' id='word_1_124' title='bbox 385 2108 539 2171; x_wconf 86' lang='lat' dir='ltr'><strong>seruitute</strong></span> <span class='ocrx_word' id='word_1_125' title='bbox 573 2108 755 2191; x_wconf 78' lang='lat' dir='ltr'><strong>generauit;</strong></span> <span class='ocrx_word' id='word_1_126' title='bbox 789 2108 891 2171; x_wconf 88' lang='lat' dir='ltr'><strong>seruis</strong></span> <span class='ocrx_word' id='word_1_127' title='bbox 925 2107 1008 2170; x_wconf 91' lang='lat' dir='ltr'><strong>enim</strong></span> <span class='ocrx_word' id='word_1_128' title='bbox 1045 2124 1146 2189; x_wconf 91' lang='lat' dir='ltr'><strong>poena</strong></span> <span class='ocrx_word' id='word_1_129' title='bbox 1184 2106 1372 2181; x_wconf 76' lang='lat' dir='ltr'><strong>decernitur,</strong></span> <span class='ocrx_word' id='word_1_130' title='bbox 1393 2126 1419 2165; x_wconf 77' lang='lat' dir='ltr'><strong>rs</strong></span> 
     </span>
     <span class='ocr_line' id='line_1_17' title="bbox 229 2211 1374 2298; baseline -0.003 -20"><span class='ocrx_word' id='word_1_131' title='bbox 229 2215 337 2279; x_wconf 91' lang='lat' dir='ltr'><strong>liberis</strong></span> <span class='ocrx_word' id='word_1_132' title='bbox 367 2214 525 2278; x_wconf 83' lang='lat' dir='ltr'><strong>confertur</strong></span> <span class='ocrx_word' id='word_1_133' title='bbox 553 2214 663 2298; x_wconf 88' lang='lat' dir='ltr'><strong>gratia.</strong></span> <span class='ocrx_word' id='word_1_134' title='bbox 692 2233 793 2279; x_wconf 89' lang='lat' dir='ltr'><strong>nonne</strong></span> <span class='ocrx_word' id='word_1_135' title='bbox 820 2213 851 2277; x_wconf 94' lang='lat' dir='ltr'><strong>in</strong></span> <span class='ocrx_word' id='word_1_136' title='bbox 880 2217 956 2295; x_wconf 82' lang='lat' dir='ltr'><strong>typo</strong></span> <span class='ocrx_word' id='word_1_137' title='bbox 986 2211 1130 2296; x_wconf 88' lang='lat' dir='ltr'><strong>geminae</strong></span> <span class='ocrx_word' id='word_1_138' title='bbox 1152 2212 1255 2295; x_wconf 88' lang='lat' dir='ltr'><strong>plebis</strong></span> <span class='ocrx_word' id='word_1_139' title='bbox 1279 2212 1374 2276; x_wconf 87' lang='lat' dir='ltr'><strong>Iacob</strong></span> 
     </span>
     <span class='ocr_line' id='line_1_18' title="bbox 232 2318 1375 2402; baseline -0.001 -19"><span class='ocrx_word' id='word_1_140' title='bbox 232 2320 309 2384; x_wconf 91' lang='lat' dir='ltr'><strong>duas</strong></span> <span class='ocrx_word' id='word_1_141' title='bbox 334 2320 457 2401; x_wconf 87' lang='lat' dir='ltr'><strong>accepit</strong></span> <span class='ocrx_word' id='word_1_142' title='bbox 480 2339 602 2397; x_wconf 81' lang='lat' dir='ltr'><strong>uxores,</strong></span> <span class='ocrx_word' id='word_1_143' title='bbox 628 2339 664 2383; x_wconf 85' lang='lat' dir='ltr'><strong>ex</strong></span> <span class='ocrx_word' id='word_1_144' title='bbox 688 2320 803 2402; x_wconf 88' lang='lat' dir='ltr'><strong>quibus</strong></span> <span class='ocrx_word' id='word_1_145' title='bbox 828 2318 985 2383; x_wconf 87' lang='lat' dir='ltr'><strong>diuersam</strong></span> <span class='ocrx_word' id='word_1_146' title='bbox 1009 2320 1152 2383; x_wconf 88' lang='lat' dir='ltr'><strong>subolem</strong></span> <span class='ocrx_word' id='word_1_147' title='bbox 1171 2318 1375 2401; x_wconf 80' lang='lat' dir='ltr'><strong>procreauit?</strong></span> 
     </span>
    </p>

    <p class='ocr_par' dir='ltr' id='par_1_4' title="bbox 232 2425 1375 2509">
     <span class='ocr_line' id='line_1_19' title="bbox 232 2425 1375 2509; baseline -0.002 -18"><span class='ocrx_word' id='word_1_148' title='bbox 232 2446 288 2491; x_wconf 92' lang='lat' dir='ltr'><strong>cur</strong></span> <span class='ocrx_word' id='word_1_149' title='bbox 319 2427 496 2509; x_wconf 84' lang='lat' dir='ltr'><strong>patriarcha</strong></span> <span class='ocrx_word' id='word_1_150' title='bbox 527 2426 622 2491; x_wconf 85' lang='lat' dir='ltr'><strong>Iudas</strong></span> <span class='ocrx_word' id='word_1_151' title='bbox 655 2428 799 2509; x_wconf 85' lang='lat' dir='ltr'><strong>propriae</strong></span> <span class='ocrx_word' id='word_1_152' title='bbox 831 2446 929 2491; x_wconf 89' lang='lat' dir='ltr'><strong>nurus</strong></span> <span class='ocrx_word' id='word_1_153' title='bbox 962 2429 1035 2508; x_wconf 87' lang='lat' dir='ltr'><strong>post</strong></span> <span class='ocrx_word' id='word_1_154' title='bbox 1066 2425 1125 2489; x_wconf 89' lang='lat' dir='ltr'><strong>filii</strong></span> <span class='ocrx_word' id='word_1_155' title='bbox 1157 2426 1208 2489; x_wconf 88' lang='lat' dir='ltr'><strong>sui</strong></span> <span class='ocrx_word' id='word_1_156' title='bbox 1240 2430 1375 2490; x_wconf 88' lang='lat' dir='ltr'><strong>mortem</strong></span> 
     </span>
    </p>
   </div>
   <div class='ocr_carea' id='block_1_3' title="bbox 232 2533 1465 2939">
    <p class='ocr_par' dir='ltr' id='par_1_5' title="bbox 232 2533 1465 2939">
     <span class='ocr_line' id='line_1_20' title="bbox 232 2533 1379 2617; baseline -0.002 -20"><span class='ocrx_word' id='word_1_157' title='bbox 232 2534 349 2617; x_wconf 88' lang='lat' dir='ltr'><strong>legitur</strong></span> <span class='ocrx_word' id='word_1_158' title='bbox 386 2534 542 2615; x_wconf 79' lang='lat' dir='ltr'><strong>expetisse</strong></span> <span class='ocrx_word' id='word_1_159' title='bbox 581 2534 795 2612; x_wconf 79' lang='lat' dir='ltr'><strong>concubitum,</strong></span> <span class='ocrx_word' id='word_1_160' title='bbox 834 2553 894 2615; x_wconf 87' lang='lat' dir='ltr'><strong>quo</strong></span> <span class='ocrx_word' id='word_1_161' title='bbox 938 2533 1136 2617; x_wconf 90' lang='lat' dir='ltr'><strong>geminorum</strong></span> <span class='ocrx_word' id='word_1_162' title='bbox 1177 2536 1287 2615; x_wconf 91' lang='lat' dir='ltr'><strong>partus</strong></span> <span class='ocrx_word' id='word_1_163' title='bbox 1329 2536 1379 2597; x_wconf 89' lang='lat' dir='ltr'><strong>eet</strong></span> 
     </span>
     <span class='ocr_line' id='line_1_21' title="bbox 233 2639 1422 2725; baseline -0.003 -21"><span class='ocrx_word' id='word_1_164' title='bbox 233 2640 348 2717; x_wconf 84' lang='lat' dir='ltr'><strong>editus,</strong></span> <span class='ocrx_word' id='word_1_165' title='bbox 377 2640 437 2705; x_wconf 89' lang='lat' dir='ltr'><strong>nisi</strong></span> <span class='ocrx_word' id='word_1_166' title='bbox 466 2644 503 2704; x_wconf 91' lang='lat' dir='ltr'><strong>ut</strong></span> <span class='ocrx_word' id='word_1_167' title='bbox 531 2640 633 2725; x_wconf 87' lang='lat' dir='ltr'><strong>figura</strong></span> <span class='ocrx_word' id='word_1_168' title='bbox 660 2640 862 2723; x_wconf 90' lang='lat' dir='ltr'><strong>praecederet</strong></span> <span class='ocrx_word' id='word_1_169' title='bbox 885 2644 1019 2722; x_wconf 89' lang='lat' dir='ltr'><strong>utroque</strong></span> <span class='ocrx_word' id='word_1_170' title='bbox 1042 2640 1115 2704; x_wconf 90' lang='lat' dir='ltr'><strong>Iesu</strong></span> <span class='ocrx_word' id='word_1_171' title='bbox 1140 2639 1259 2704; x_wconf 86' lang='lat' dir='ltr'><strong>domini</strong></span> <span class='ocrx_word' id='word_1_172' title='bbox 1282 2642 1377 2703; x_wconf 86' lang='lat' dir='ltr'><strong>testa·</strong></span> <span class='ocrx_word' id='word_1_173' title='bbox 1396 2662 1422 2700; x_wconf 72' lang='lat' dir='ltr'><strong>ao</strong></span> 
     </span>
     <span class='ocr_line' id='line_1_22' title="bbox 232 2746 1465 2829; baseline -0.003 -19"><span class='ocrx_word' id='word_1_174' title='bbox 232 2750 349 2824; x_wconf 86' lang='lat' dir='ltr'><strong>mento,</strong></span> <span class='ocrx_word' id='word_1_175' title='bbox 379 2766 515 2828; x_wconf 89' lang='lat' dir='ltr'><strong>quorum</strong></span> <span class='ocrx_word' id='word_1_176' title='bbox 544 2746 677 2811; x_wconf 89' lang='lat' dir='ltr'><strong>alterum</strong></span> <span class='ocrx_word' id='word_1_177' title='bbox 700 2746 732 2809; x_wconf 93' lang='lat' dir='ltr'><strong>in</strong></span> <span class='ocrx_word' id='word_1_178' title='bbox 756 2749 831 2829; x_wconf 82' lang='lat' dir='ltr'><strong>typo</strong></span> <span class='ocrx_word' id='word_1_179' title='bbox 856 2747 980 2811; x_wconf 86' lang='lat' dir='ltr'><strong>futurae</strong></span> <span class='ocrx_word' id='word_1_180' title='bbox 1003 2746 1115 2811; x_wconf 86' lang='lat' dir='ltr'><strong>mortis</strong></span> <span class='ocrx_word' id='word_1_181' title='bbox 1140 2746 1209 2809; x_wconf 89' lang='lat' dir='ltr'><strong>eius</strong></span> <span class='ocrx_word' id='word_1_182' title='bbox 1234 2748 1284 2810; x_wconf 90' lang='lat' dir='ltr'><strong>est</strong></span> <span class='ocrx_word' id='word_1_183' title='bbox 1307 2764 1378 2810; x_wconf 86' lang='lat' dir='ltr'><strong>oon·</strong></span> <span class='ocrx_word' id='word_1_184' title='bbox 1442 2752 1465 2806; x_wconf 76' lang='lat' dir='ltr'>B</span> 
     </span>
     <span class='ocr_line' id='line_1_23' title="bbox 233 2852 1379 2939; baseline 0 -22"><span class='ocrx_word' id='word_1_185' title='bbox 233 2852 346 2930; x_wconf 83' lang='lat' dir='ltr'><strong>ditum,</strong></span> <span class='ocrx_word' id='word_1_186' title='bbox 385 2855 520 2917; x_wconf 89' lang='lat' dir='ltr'><strong>alterum</strong></span> <span class='ocrx_word' id='word_1_187' title='bbox 557 2857 589 2917; x_wconf 92' lang='lat' dir='ltr'><strong>iu</strong></span> <span class='ocrx_word' id='word_1_188' title='bbox 627 2854 785 2939; x_wconf 91' lang='lat' dir='ltr'><strong>euangelii</strong></span> <span class='ocrx_word' id='word_1_189' title='bbox 821 2855 967 2931; x_wconf 86' lang='lat' dir='ltr'><strong>ueritate,</strong></span> <span class='ocrx_word' id='word_1_190' title='bbox 1010 2852 1089 2917; x_wconf 92' lang='lat' dir='ltr'><strong>duos</strong></span> <span class='ocrx_word' id='word_1_191' title='bbox 1130 2852 1266 2935; x_wconf 91' lang='lat' dir='ltr'><strong>populos</strong></span> <span class='ocrx_word' id='word_1_192' title='bbox 1309 2870 1379 2917; x_wconf 89' lang='lat' dir='ltr'><strong>esse</strong></span> 
     </span>
    </p>
   </div>
   <div class='ocr_carea' id='block_1_4' title="bbox 234 3084 1378 3243">
    <p class='ocr_par' dir='ltr' id='par_1_6' title="bbox 234 3084 1378 3243">
     <span class='ocr_line' id='line_1_24' title="bbox 323 3084 1378 3155; baseline 0 -16"><span class='ocrx_word' id='word_1_193' title='bbox 323 3084 533 3149; x_wconf 66' lang='lat' dir='ltr'><strong>laetorque</strong></span> <span class='ocrx_word' id='word_1_194' title='bbox 583 3085 703 3140; x_wconf 65' lang='lat' dir='ltr'><strong>&amp;Galat</strong></span> <span class='ocrx_word' id='word_1_195' title='bbox 719 3088 744 3151; x_wconf 84' lang='lat'><strong>4,</strong></span> <span class='ocrx_word' id='word_1_196' title='bbox 760 3088 795 3140; x_wconf 83' lang='lat'><strong>23</strong></span> <span class='ocrx_word' id='word_1_197' title='bbox 809 3103 849 3155; x_wconf 87' lang='lat' dir='ltr'><strong>sq.</strong></span> <span class='ocrx_word' id='word_1_198' title='bbox 902 3086 935 3139; x_wconf 79' lang='lat'><strong>16</strong></span> <span class='ocrx_word' id='word_1_199' title='bbox 951 3084 1018 3139; x_wconf 85' lang='lat' dir='ltr'><strong>Gen.</strong></span> <span class='ocrx_word' id='word_1_200' title='bbox 1031 3087 1074 3148; x_wconf 84' lang='lat'><strong>29,</strong></span> <span class='ocrx_word' id='word_1_201' title='bbox 1088 3088 1122 3140; x_wconf 80' lang='lat'><strong>25</strong></span> <span class='ocrx_word' id='word_1_202' title='bbox 1136 3089 1165 3141; x_wconf 87' lang='lat' dir='ltr'><strong>et</strong></span> <span class='ocrx_word' id='word_1_203' title='bbox 1177 3087 1212 3141; x_wconf 81' lang='lat'><strong>28</strong></span> <span class='ocrx_word' id='word_1_204' title='bbox 1264 3087 1297 3140; x_wconf 86' lang='lat'><strong>18</strong></span> <span class='ocrx_word' id='word_1_205' title='bbox 1312 3085 1378 3140; x_wconf 88' lang='lat' dir='ltr'><strong>Gen.</strong></span> 
     </span>
     <span class='ocr_line' id='line_1_25' title="bbox 234 3175 409 3243; baseline -0.011 -15"><span class='ocrx_word' id='word_1_206' title='bbox 234 3175 278 3241; x_wconf 86' lang='lat'><strong>38,</strong></span> <span class='ocrx_word' id='word_1_207' title='bbox 299 3175 329 3228; x_wconf 88' lang='lat'><strong>11</strong></span> <span class='ocrx_word' id='word_1_208' title='bbox 351 3190 409 3243; x_wconf 88' lang='lat' dir='ltr'><strong>sqq.</strong></span> 
     </span>
    </p>
   </div>
   <div class='ocr_carea' id='block_1_5' title="bbox 234 3316 1386 4277">
    <p class='ocr_par' dir='ltr' id='par_1_7' title="bbox 234 3316 1386 4277">
     <span class='ocr_line' id='line_1_26' title="bbox 269 3316 1379 3384; baseline 0 -12"><span class='ocrx_word' id='word_1_209' title='bbox 269 3320 287 3372; x_wconf 80' lang='lat'>4</span> <span class='ocrx_word' id='word_1_210' title='bbox 306 3317 379 3381; x_wconf 76' lang='lat' dir='ltr'><strong>idest-</strong></span> <span class='ocrx_word' id='word_1_211' title='bbox 399 3323 435 3383; x_wconf 86' lang='grc' dir='ltr'>(ιιι</span> <span class='ocrx_word' id='word_1_212' title='bbox 455 3332 477 3373; x_wconf 77' lang='lat' dir='ltr'><strong>a.</strong></span> <span class='ocrx_word' id='word_1_213' title='bbox 492 3320 518 3371; x_wconf 89' lang='lat' dir='ltr'><strong>st</strong></span> <span class='ocrx_word' id='word_1_214' title='bbox 536 3322 593 3383; x_wconf 70' lang='lat'><em>2122)</em></span> <span class='ocrx_word' id='word_1_215' title='bbox 610 3318 636 3370; x_wconf 89' lang='lat' dir='ltr'><strong><em>P</em></strong></span> <span class='ocrx_word' id='word_1_216' title='bbox 653 3317 725 3370; x_wconf 87' lang='lat' dir='ltr'><strong>idem</strong></span> <span class='ocrx_word' id='word_1_217' title='bbox 744 3316 769 3369; x_wconf 88' lang='grc' dir='ltr'><em>Τ</em></span> <span class='ocrx_word' id='word_1_218' title='bbox 787 3322 841 3383; x_wconf 83' lang='lat' dir='ltr'><strong>(em</strong></span> <span class='ocrx_word' id='word_1_219' title='bbox 859 3334 892 3371; x_wconf 76' lang='lat' dir='ltr'><strong>ex</strong></span> <span class='ocrx_word' id='word_1_220' title='bbox 911 3320 936 3383; x_wconf 79' lang='lat' dir='ltr'><strong>e)</strong></span> <span class='ocrx_word' id='word_1_221' title='bbox 952 3317 1097 3371; x_wconf 73' lang='lat' dir='ltr'><strong><em>ACDLT‘</em></strong></span> <span class='ocrx_word' id='word_1_222' title='bbox 1116 3318 1205 3383; x_wconf 77' lang='lat' dir='ltr'><strong>ideste</strong></span> <span class='ocrx_word' id='word_1_223' title='bbox 1225 3321 1279 3384; x_wconf 74' lang='lat' dir='ltr'><strong>(ste</strong></span> <span class='ocrx_word' id='word_1_224' title='bbox 1298 3323 1379 3381; x_wconf 79' lang='lat' dir='ltr'><strong>erus.)</strong></span> 
     </span>
     <span class='ocr_line' id='line_1_27' title="bbox 234 3405 1379 3475; baseline -0.002 -14"><span class='ocrx_word' id='word_1_225' title='bbox 234 3407 277 3461; x_wconf 64' lang='grc' dir='ltr'><strong>1Μ</strong></span> <span class='ocrx_word' id='word_1_226' title='bbox 385 3407 492 3475; x_wconf 87' lang='lat' dir='ltr'><strong>galatas</strong></span> <span class='ocrx_word' id='word_1_227' title='bbox 511 3406 564 3461; x_wconf 88' lang='grc' dir='ltr'><strong>ΡΘ</strong></span> <span class='ocrx_word' id='word_1_228' title='bbox 583 3405 709 3475; x_wconf 87' lang='lat' dir='ltr'><strong>galathas</strong></span> <span class='ocrx_word' id='word_1_229' title='bbox 729 3413 775 3460; x_wconf 82' lang='lat' dir='ltr'><strong>cet.</strong></span> <span class='ocrx_word' id='word_1_230' title='bbox 867 3408 883 3461; x_wconf 91' lang='lat'><strong>6</strong></span> <span class='ocrx_word' id='word_1_231' title='bbox 902 3408 945 3460; x_wconf 86' lang='lat' dir='ltr'><strong>his</strong></span> <span class='ocrx_word' id='word_1_232' title='bbox 963 3407 992 3459; x_wconf 93' lang='lat' dir='ltr'><strong><em>P</em></strong></span> <span class='ocrx_word' id='word_1_233' title='bbox 1011 3408 1039 3469; x_wconf 71' lang='lat' dir='ltr'><strong>qh</strong></span> <span class='ocrx_word' id='word_1_234' title='bbox 1058 3412 1128 3475; x_wconf 79' lang='lat' dir='ltr'><strong>aap.)</strong></span> <span class='ocrx_word' id='word_1_235' title='bbox 1148 3407 1176 3462; x_wconf 87' lang='lat' dir='ltr'><em>R</em></span> <span class='ocrx_word' id='word_1_236' title='bbox 1196 3407 1224 3475; x_wconf 79' lang='lat' dir='ltr'><strong>(h</strong></span> <span class='ocrx_word' id='word_1_237' title='bbox 1243 3415 1326 3473; x_wconf 83' lang='lat' dir='ltr'><strong>eros.)</strong></span> <span class='ocrx_word' id='word_1_238' title='bbox 1345 3407 1379 3459; x_wconf 78' lang='grc' dir='ltr'><strong><em>Β</em></strong></span> 
     </span>
     <span class='ocr_line' id='line_1_28' title="bbox 272 3494 1383 3565; baseline 0.001 -16"><span class='ocrx_word' id='word_1_239' title='bbox 272 3496 381 3565; x_wconf 76' lang='lat' dir='ltr'><strong>quinem</strong></span> <span class='ocrx_word' id='word_1_240' title='bbox 401 3512 451 3549; x_wconf 83' lang='lat' dir='ltr'><strong>our.</strong></span> <span class='ocrx_word' id='word_1_241' title='bbox 471 3495 627 3548; x_wconf 83' lang='lat' dir='ltr'><strong><em>AP¹‘B&#39;⁴T¹</em></strong></span> <span class='ocrx_word' id='word_1_242' title='bbox 718 3496 734 3547; x_wconf 86' lang='lat'><em>8</em></span> <span class='ocrx_word' id='word_1_243' title='bbox 761 3495 826 3549; x_wconf 82' lang='lat' dir='ltr'><strong>inde</strong></span> <span class='ocrx_word' id='word_1_244' title='bbox 845 3512 863 3547; x_wconf 90' lang='lat' dir='ltr'><strong>a</strong></span> <span class='ocrx_word' id='word_1_245' title='bbox 882 3496 964 3550; x_wconf 81' lang='lat' dir='ltr'><strong>aerbo</strong></span> <span class='ocrx_word' id='word_1_246' title='bbox 983 3497 1218 3565; x_wconf 87' lang='lat' dir='ltr'><strong>repromissionem</strong></span> <span class='ocrx_word' id='word_1_247' title='bbox 1236 3497 1337 3565; x_wconf 76' lang='lat' dir='ltr'><strong>incipit</strong></span> <span class='ocrx_word' id='word_1_248' title='bbox 1354 3494 1383 3549; x_wconf 99' lang='grc' dir='ltr'><strong><em>Β</em></strong></span> 
     </span>
     <span class='ocr_line' id='line_1_29' title="bbox 272 3582 1383 3654; baseline 0.001 -17"><span class='ocrx_word' id='word_1_249' title='bbox 272 3584 421 3653; x_wconf 85' lang='lat' dir='ltr'><strong>allegorian</strong></span> <span class='ocrx_word' id='word_1_250' title='bbox 440 3582 468 3635; x_wconf 87' lang='grc' dir='ltr'><strong><em>Β</em></strong></span> <span class='ocrx_word' id='word_1_251' title='bbox 487 3583 644 3653; x_wconf 84' lang='lat' dir='ltr'><strong>allegoriam</strong></span> <span class='ocrx_word' id='word_1_252' title='bbox 664 3590 710 3637; x_wconf 83' lang='lat' dir='ltr'><strong>cot.</strong></span> <span class='ocrx_word' id='word_1_253' title='bbox 776 3586 793 3637; x_wconf 86' lang='grc'><strong>9</strong></span> <span class='ocrx_word' id='word_1_254' title='bbox 812 3584 960 3653; x_wconf 88' lang='lat' dir='ltr'><strong>allegorian</strong></span> <span class='ocrx_word' id='word_1_255' title='bbox 980 3586 1008 3637; x_wconf 91' lang='lat' dir='ltr'><em>B</em></span> <span class='ocrx_word' id='word_1_256' title='bbox 1026 3591 1052 3639; x_wconf 82' lang='lat' dir='ltr'><strong>et</strong></span> <span class='ocrx_word' id='word_1_257' title='bbox 1071 3589 1129 3652; x_wconf 78' lang='lat' dir='ltr'><strong>(m2</strong></span> <span class='ocrx_word' id='word_1_258' title='bbox 1147 3585 1279 3654; x_wconf 81' lang='lat' dir='ltr'><strong>allegoria</strong></span> <span class='ocrx_word' id='word_1_259' title='bbox 1297 3586 1336 3651; x_wconf 88' lang='lat' dir='ltr'><strong>in)</strong></span> <span class='ocrx_word' id='word_1_260' title='bbox 1356 3585 1383 3638; x_wconf 88' lang='lat' dir='ltr'><strong><em>P</em></strong></span> 
     </span>
     <span class='ocr_line' id='line_1_30' title="bbox 237 3672 1382 3744; baseline 0.001 -19"><span class='ocrx_word' id='word_1_261' title='bbox 237 3672 395 3743; x_wconf 87' lang='lat' dir='ltr'><strong>allegoriam</strong></span> <span class='ocrx_word' id='word_1_262' title='bbox 415 3678 463 3726; x_wconf 84' lang='lat' dir='ltr'><strong>cet.</strong></span> <span class='ocrx_word' id='word_1_263' title='bbox 536 3672 564 3725; x_wconf 92' lang='lat' dir='ltr'><strong>in</strong></span> <span class='ocrx_word' id='word_1_264' title='bbox 584 3674 761 3742; x_wconf 87' lang='lat' dir='ltr'><strong>sequentibus</strong></span> <span class='ocrx_word' id='word_1_265' title='bbox 774 3673 810 3726; x_wconf 88' lang='lat' dir='ltr'><strong>P‘</strong></span> <span class='ocrx_word' id='word_1_266' title='bbox 830 3674 869 3739; x_wconf 89' lang='lat' dir='ltr'><strong>(in</strong></span> <span class='ocrx_word' id='word_1_267' title='bbox 886 3691 907 3729; x_wconf 86' lang='lat' dir='ltr'><strong>a.</strong></span> <span class='ocrx_word' id='word_1_268' title='bbox 926 3691 953 3727; x_wconf 80' lang='lat' dir='ltr'><strong>u.</strong></span> <span class='ocrx_word' id='word_1_269' title='bbox 973 3677 1030 3739; x_wconf 80' lang='lat' dir='ltr'><strong>m2)</strong></span> <span class='ocrx_word' id='word_1_270' title='bbox 1046 3675 1085 3728; x_wconf 82' lang='lat' dir='ltr'><strong>D&#39;</strong></span> <span class='ocrx_word' id='word_1_271' title='bbox 1140 3674 1173 3728; x_wconf 89' lang='lat'><strong>10</strong></span> <span class='ocrx_word' id='word_1_272' title='bbox 1192 3674 1382 3744; x_wconf 86' lang='lat' dir='ltr'><strong>generationes</strong></span> 
     </span>
     <span class='ocr_line' id='line_1_31' title="bbox 236 3761 1383 3833; baseline 0.001 -19"><span class='ocrx_word' id='word_1_273' title='bbox 236 3761 263 3814; x_wconf 95' lang='lat' dir='ltr'><strong><em>P</em></strong></span> <span class='ocrx_word' id='word_1_274' title='bbox 282 3765 321 3826; x_wconf 91' lang='lat' dir='ltr'><strong>(es</strong></span> <span class='ocrx_word' id='word_1_275' title='bbox 341 3778 374 3815; x_wconf 77' lang='lat' dir='ltr'><strong>aa</strong></span> <span class='ocrx_word' id='word_1_276' title='bbox 393 3763 425 3827; x_wconf 75' lang='lat' dir='ltr'><strong>is)</strong></span> <span class='ocrx_word' id='word_1_277' title='bbox 503 3762 536 3815; x_wconf 81' lang='lat'><strong>12</strong></span> <span class='ocrx_word' id='word_1_278' title='bbox 555 3762 687 3816; x_wconf 86' lang='lat' dir='ltr'><strong>seruitute</strong></span> <span class='ocrx_word' id='word_1_279' title='bbox 706 3762 791 3815; x_wconf 68' lang='grc' dir='ltr'><strong>ΛΒΤ</strong></span> <span class='ocrx_word' id='word_1_280' title='bbox 880 3768 973 3817; x_wconf 89' lang='lat' dir='ltr'><strong>monte</strong></span> <span class='ocrx_word' id='word_1_281' title='bbox 986 3771 1052 3832; x_wconf 82' lang='lat' dir='ltr'><strong>poet</strong></span> <span class='ocrx_word' id='word_1_282' title='bbox 1070 3766 1178 3833; x_wconf 74' lang='lat' dir='ltr'><strong>Moyses</strong></span> <span class='ocrx_word' id='word_1_283' title='bbox 1196 3768 1383 3831; x_wconf 77' lang='lat' dir='ltr'><strong>transponunt</strong></span> 
     </span>
     <span class='ocr_line' id='line_1_32' title="bbox 236 3849 1386 3917; baseline 0.002 -15"><span class='ocrx_word' id='word_1_284' title='bbox 236 3849 393 3905; x_wconf 72' lang='lat' dir='ltr'><strong><em>RB‘ACD.</em></strong></span> <span class='ocrx_word' id='word_1_285' title='bbox 412 3850 441 3914; x_wconf 83' lang='lat' dir='ltr'><strong>ip</strong></span> <span class='ocrx_word' id='word_1_286' title='bbox 460 3853 552 3904; x_wconf 90' lang='lat' dir='ltr'><strong>monte</strong></span> <span class='ocrx_word' id='word_1_287' title='bbox 576 3851 601 3903; x_wconf 85' lang='grc' dir='ltr'><em>Τ</em></span> <span class='ocrx_word' id='word_1_288' title='bbox 664 3850 697 3903; x_wconf 82' lang='grc'><strong>14</strong></span> <span class='ocrx_word' id='word_1_289' title='bbox 716 3852 773 3905; x_wconf 84' lang='lat' dir='ltr'><strong>isac</strong></span> <span class='ocrx_word' id='word_1_290' title='bbox 793 3852 819 3903; x_wconf 90' lang='lat' dir='ltr'><strong><em>B</em></strong></span> <span class='ocrx_word' id='word_1_291' title='bbox 838 3852 912 3905; x_wconf 83' lang='lat' dir='ltr'><strong>isaac</strong></span> <span class='ocrx_word' id='word_1_292' title='bbox 932 3856 958 3917; x_wconf 92' lang='lat' dir='ltr'><strong>(a</strong></span> <span class='ocrx_word' id='word_1_293' title='bbox 978 3853 1027 3906; x_wconf 84' lang='lat' dir='ltr'><strong>alt.</strong></span> <span class='ocrx_word' id='word_1_294' title='bbox 1045 3869 1067 3907; x_wconf 80' lang='lat' dir='ltr'><strong>a.</strong></span> <span class='ocrx_word' id='word_1_295' title='bbox 1088 3856 1126 3914; x_wconf 83' lang='lat' dir='ltr'><strong>u.)</strong></span> <span class='ocrx_word' id='word_1_296' title='bbox 1147 3852 1175 3905; x_wconf 92' lang='lat' dir='ltr'><strong><em>P</em></strong></span> <span class='ocrx_word' id='word_1_297' title='bbox 1253 3851 1311 3905; x_wconf 88' lang='lat' dir='ltr'><strong>filio</strong></span> <span class='ocrx_word' id='word_1_298' title='bbox 1330 3851 1386 3905; x_wconf 66' lang='grc' dir='ltr'><strong>ΒΤ</strong></span> 
     </span>
     <span class='ocr_line' id='line_1_33' title="bbox 272 3938 1386 3995; baseline 0.002 -4"><span class='ocrx_word' id='word_1_299' title='bbox 272 3938 299 3991; x_wconf 87' lang='lat' dir='ltr'><strong>in</strong></span> <span class='ocrx_word' id='word_1_300' title='bbox 316 3954 367 3991; x_wconf 89' lang='lat' dir='ltr'><strong>om.</strong></span> <span class='ocrx_word' id='word_1_301' title='bbox 382 3938 473 3993; x_wconf 86' lang='grc' dir='ltr'><strong>ΒΡὈ</strong></span> <span class='ocrx_word' id='word_1_302' title='bbox 526 3954 578 3993; x_wconf 91' lang='lat' dir='ltr'><strong>non</strong></span> <span class='ocrx_word' id='word_1_303' title='bbox 593 3938 774 3993; x_wconf 72' lang='lat' dir='ltr'><strong><em>BPPADU</em></strong></span> <span class='ocrx_word' id='word_1_304' title='bbox 787 3956 840 3993; x_wconf 91' lang='lat' dir='ltr'><strong>non</strong></span> <span class='ocrx_word' id='word_1_305' title='bbox 855 3941 883 3993; x_wconf 91' lang='lat' dir='ltr'><strong>in</strong></span> <span class='ocrx_word' id='word_1_306' title='bbox 898 3946 945 3994; x_wconf 84' lang='lat' dir='ltr'><strong>cet.</strong></span> <span class='ocrx_word' id='word_1_307' title='bbox 1002 3948 1156 3995; x_wconf 80' lang='lat' dir='ltr'><strong>atruruenlo</strong></span> <span class='ocrx_word' id='word_1_308' title='bbox 1170 3941 1201 3994; x_wconf 80' lang='lat' dir='ltr'><strong>in</strong></span> <span class='ocrx_word' id='word_1_309' title='bbox 1213 3957 1261 3993; x_wconf 76' lang='lat' dir='ltr'><strong>aa.</strong></span> <span class='ocrx_word' id='word_1_310' title='bbox 1271 3943 1386 3993; x_wconf 82' lang='lat'><strong><em>16-20</em></strong></span> 
     </span>
     <span class='ocr_line' id='line_1_34' title="bbox 238 4028 1382 4097; baseline 0.001 -16"><span class='ocrx_word' id='word_1_311' title='bbox 238 4028 336 4082; x_wconf 81' lang='lat' dir='ltr'><strong>detrito</strong></span> <span class='ocrx_word' id='word_1_312' title='bbox 353 4044 463 4096; x_wconf 81' lang='lat' dir='ltr'><strong>paucae</strong></span> <span class='ocrx_word' id='word_1_313' title='bbox 482 4032 591 4081; x_wconf 78' lang='lat' dir='ltr'><strong>tuntum</strong></span> <span class='ocrx_word' id='word_1_314' title='bbox 608 4028 762 4096; x_wconf 66' lang='lat' dir='ltr'><strong>scripturae</strong></span> <span class='ocrx_word' id='word_1_315' title='bbox 782 4030 848 4083; x_wconf 77' lang='lat' dir='ltr'><strong>libri</strong></span> <span class='ocrx_word' id='word_1_316' title='bbox 865 4029 893 4082; x_wconf 91' lang='lat' dir='ltr'><strong><em>B</em></strong></span> <span class='ocrx_word' id='word_1_317' title='bbox 913 4029 1036 4097; x_wconf 78' lang='lat' dir='ltr'><strong>diprroscr&#39;</strong></span> <span class='ocrx_word' id='word_1_318' title='bbox 1049 4036 1169 4097; x_wconf 77' lang='lat' dir='ltr'><strong>parerent</strong></span> <span class='ocrx_word' id='word_1_319' title='bbox 1225 4030 1258 4082; x_wconf 83' lang='lat'><strong>17</strong></span> <span class='ocrx_word' id='word_1_320' title='bbox 1279 4028 1382 4093; x_wconf 81' lang='lat' dir='ltr'><strong>duabus</strong></span> 
     </span>
     <span class='ocr_line' id='line_1_35' title="bbox 239 4104 1382 4183; baseline 0.001 -15"><span class='ocrx_word' id='word_1_321' title='bbox 239 4122 261 4179; x_wconf 76' lang='lat' dir='ltr'><strong>(s</strong></span> <span class='ocrx_word' id='word_1_322' title='bbox 280 4134 301 4172; x_wconf 68' lang='lat' dir='ltr'><strong>a.</strong></span> <span class='ocrx_word' id='word_1_323' title='bbox 322 4117 383 4182; x_wconf 81' lang='lat' dir='ltr'><strong>bos)</strong></span> <span class='ocrx_word' id='word_1_324' title='bbox 404 4116 438 4169; x_wconf 75' lang='lat'><strong>1³¹</strong></span> <span class='ocrx_word' id='word_1_325' title='bbox 511 4134 605 4170; x_wconf 70' lang='lat' dir='ltr'><strong>uxores</strong></span> <span class='ocrx_word' id='word_1_326' title='bbox 621 4117 647 4170; x_wconf 89' lang='lat' dir='ltr'><strong><em>P</em></strong></span> <span class='ocrx_word' id='word_1_327' title='bbox 666 4122 705 4183; x_wconf 77' lang='lat' dir='ltr'><strong>(es</strong></span> <span class='ocrx_word' id='word_1_328' title='bbox 725 4132 758 4171; x_wconf 71' lang='lat' dir='ltr'><strong>aa</strong></span> <span class='ocrx_word' id='word_1_329' title='bbox 776 4118 810 4182; x_wconf 73' lang='lat' dir='ltr'><strong>ra)</strong></span> <span class='ocrx_word' id='word_1_330' title='bbox 867 4118 902 4171; x_wconf 83' lang='lat' dir='ltr'><strong>ro</strong></span> <span class='ocrx_word' id='word_1_331' title='bbox 916 4104 968 4170; x_wconf 70' lang='lat' dir='ltr'><strong>&#39;rii</strong></span> <span class='ocrx_word' id='word_1_332' title='bbox 987 4106 1035 4170; x_wconf 75' lang='lat' dir='ltr'><strong>aii</strong></span> <span class='ocrx_word' id='word_1_333' title='bbox 1047 4118 1157 4173; x_wconf 81' lang='lat' dir='ltr'><strong>Pano</strong></span> <span class='ocrx_word' id='word_1_334' title='bbox 1175 4104 1224 4171; x_wconf 72' lang='lat' dir='ltr'><strong>aii</strong></span> <span class='ocrx_word' id='word_1_335' title='bbox 1238 4104 1290 4171; x_wconf 61' lang='lat' dir='ltr'><strong>fni</strong></span> <span class='ocrx_word' id='word_1_336' title='bbox 1303 4116 1382 4169; x_wconf 63' lang='lat' dir='ltr'><strong>ner</strong></span> 
     </span>
     <span class='ocr_line' id='line_1_36' title="bbox 237 4192 1386 4277; baseline 0.001 -17"><span class='ocrx_word' id='word_1_337' title='bbox 237 4192 1386 4277; x_wconf 51' lang='lat' dir='ltr'><strong>mmmmmmmmmmfflmnwrffiffl</strong></span> 
     </span>
    </p>
   </div>
   <div class='ocr_carea' id='block_1_6' title="bbox 239 4311 914 4401">
    <p class='ocr_par' dir='ltr' id='par_1_8' title="bbox 239 4311 914 4401">
     <span class='ocr_line' id='line_1_37' title="bbox 239 4311 914 4401; baseline 0.003 -18"><span class='ocrx_word' id='word_1_338' title='bbox 239 4312 392 4384; x_wconf 73' lang='lat' dir='ltr'><strong>mnc&#39;iui</strong></span> <span class='ocrx_word' id='word_1_339' title='bbox 412 4311 464 4384; x_wconf 63' lang='lat' dir='ltr'><strong>tm</strong></span> <span class='ocrx_word' id='word_1_340' title='bbox 480 4330 500 4401; x_wconf 88' lang='lat' dir='ltr'><strong>(i</strong></span> <span class='ocrx_word' id='word_1_341' title='bbox 514 4348 534 4385; x_wconf 71' lang='lat' dir='ltr'><strong>s.</strong></span> <span class='ocrx_word' id='word_1_342' title='bbox 553 4336 579 4397; x_wconf 77' lang='grc' dir='ltr'><strong>ο)</strong></span> <span class='ocrx_word' id='word_1_343' title='bbox 593 4331 636 4384; x_wconf 76' lang='grc' dir='ltr'><strong>Ρ”</strong></span> <span class='ocrx_word' id='word_1_344' title='bbox 693 4333 724 4386; x_wconf 84' lang='lat'><strong>21</strong></span> <span class='ocrx_word' id='word_1_345' title='bbox 747 4350 835 4386; x_wconf 75' lang='lat' dir='ltr'><strong>eoram</strong></span> <span class='ocrx_word' id='word_1_346' title='bbox 850 4332 914 4387; x_wconf 74' lang='lat' dir='ltr'><strong>aa</strong></span> 
     </span>
    </p>
   </div>
   <div class='ocr_carea' id='block_1_7' title="bbox 0 0 1572 4967">
    <p class='ocr_par' dir='ltr' id='par_1_9' title="bbox 0 0 1572 4967">
     <span class='ocr_line' id='line_1_38' title="bbox 0 0 1572 4967; baseline 0 0"><span class='ocrx_word' id='word_1_347' title='bbox 0 0 1572 4967; x_wconf 95' lang='lat' dir='ltr'><strong> </strong></span> 
     </span>
    </p>
   </div>
  </div>
 </body>
</html>
