3100 4967
235 447 299 511 564
705 441 899 496 Ambrosii

234 639 302 715 tris,
326 638 386 704 hoc
411 640 460 701 est
488 656 644 720 corporea,
668 656 749 719 quae
778 636 896 700 habent
921 635 1073 717 pudorem
1103 634 1257 717 quendam
1286 654 1381 720 gene-

233 745 364 810 rationis
388 746 552 810 humanae.
579 750 610 809 ot
632 744 703 810 ideo
728 744 782 826 qui
805 743 913 807 uidere
936 742 1042 807 uoluit
1065 742 1259 826 augustioris
1282 744 1380 807 animi

234 852 362 936 dignam
386 851 562 917 mercedem
586 851 715 934 recepit,
740 855 778 915 ut
800 868 910 915 seruos
934 850 1024 913 fieret
1039 886 1081 895 -
1098 850 1200 914 omnis
1220 850 1302 914 enim
1325 850 1380 933 qui

233 958 311 1023 facit
342 960 507 1039 peccatum
538 976 649 1022 seruus
680 963 732 1021 est
763 957 887 1039 peccati
910 994 965 1034 -,
988 957 1071 1019 unde
1102 957 1159 1021 ille
1190 956 1379 1021 interranis

233 1066 394 1129 remansit.
418 1065 478 1130 hoc
501 1064 632 1148 pauperi
654 1083 746 1129 nemo
770 1063 864 1129 tollat
885 1062 1112 1127 uestimentum
1138 1066 1195 1127 aut
1213 1063 1240 1128 si
1258 1064 1380 1139 tulerit,
1411 1088 1425 1128 a

236 1173 283 1236 sol
315 1190 376 1235 non
409 1171 533 1236 occidat
565 1190 661 1254 super
693 1170 918 1253 despoliatum,
952 1188 1025 1234 cum
1053 1172 1126 1233 ante
1152 1171 1312 1249 restituat,
1339 1190 1379 1235 na
1441 1174 1466 1227 F

235 1281 399 1361 peccatum
428 1278 575 1362 pauperis
603 1278 790 1343 faeneratori
822 1277 926 1359 possit
953 1276 1090 1341 adscribi
1125 1280 1157 1340 et
1184 1296 1246 1342 non
1275 1278 1378 1342 solum

181 1396 304 1465 76suo,
333 1386 388 1449 sed
416 1386 512 1451 etiam
540 1386 642 1451 alieno
670 1386 803 1467 incipiat
828 1385 972 1449 laborare
998 1386 1139 1466 peccato.
1172 1385 1232 1449 hoo
1265 1384 1380 1469 pignus

234 1492 265 1555 in
293 1492 353 1557 hac
381 1492 500 1557 saeculi
528 1496 619 1557 nocto
647 1491 806 1569 reddatur,
836 1492 897 1556 hoo
923 1492 1117 1555 uestimento
1142 1490 1173 1555 in
1197 1491 1246 1555 his
1271 1490 1381 1554 muudi

233 1598 372 1664 tenebris
399 1598 558 1664 induatur.
582 1598 641 1664 hoe
664 1599 781 1683 pignus
805 1598 893 1662 illius
918 1597 1093 1663 dominicae
1117 1597 1213 1663 sortis
1236 1600 1296 1673 est,
1320 1616 1379 1661 nou
1400 1621 1424 1658 ro

174 1730 178 1737 ·
234 1705 322 1770 illius
358 1706 540 1771 contrariae.
572 1706 711 1789 legimus
745 1704 828 1769 cuim
862 1704 940 1769 duas
969 1709 1070 1768 sortes
1098 1704 1129 1768 in
1158 1703 1313 1782 Leuitico,
1342 1702 1381 1766 de

234 1813 351 1895 quibus
367 1812 486 1877 dictum
507 1816 569 1877 est:
591 1831 704 1876 unam
725 1812 884 1876 domino
904 1811 1045 1889 facien,
1066 1812 1236 1876 alteram
1254 1813 1379 1873 trans-

234 1919 410 1984 missori.
443 1919 647 1983 transmissor
677 1922 796 1983 sortem
824 1937 914 1983 suam
939 1919 978 1983 ad
1001 1919 1212 1982 faeneratores
1235 1916 1381 1981 transmi-

235 2028 287 2102 sit,
318 2026 402 2091 serui
432 2026 550 2091 domiui
578 2026 609 2090 in
639 2028 723 2090 sorta
753 2027 829 2089 suut
857 2024 986 2090 Christi.
1018 2024 1050 2089 in
1073 2024 1133 2088 hac
1157 2026 1241 2089 sorte
1266 2022 1380 2088 consti·

234 2138 325 2199 tutus
353 2134 457 2198 Aaron
487 2132 660 2197 contrariae
688 2131 783 2197 sortis
812 2131 947 2196 exclusit
973 2150 1166 2209 aemmnam,
1195 2149 1268 2194 oum
1299 2130 1381 2193 inter
1398 2153 1425 2193 u

235 2240 313 2304 duas
336 2242 441 2323 partes
466 2240 576 2323 populi
599 2239 793 2304 constitutus
817 2242 950 2303 mortem
975 2256 994 2301 a
1016 2237 1174 2302 defunctis
1197 2255 1323 2319 serpere
1346 2235 1377 2299 in
1422 2250 1512 2304 6171

235 2350 351 2413 sortem
388 2347 538 2411 uiuorum
577 2346 628 2411 sui
665 2346 806 2429 eorporis
843 2365 903 2410 nou
936 2343 1080 2427 permisit
1112 2343 1251 2410 obiectu.
1284 2343 1379 2407 huius

235 2454 328 2520 sortis
357 2453 475 2518 bonnm
503 2452 619 2537 pignus
649 2457 699 2517 est
726 2452 816 2517 uerbi
840 2450 986 2517 amictus.
1020 2452 1101 2515 hauc
1124 2450 1217 2515 uobis
1241 2450 1379 2514 tunicam

235 2580 325 2625 nemo
355 2560 486 2635 auferat,
515 2560 688 2637 debitores,
721 2560 801 2623 hano
829 2559 972 2623 tunicam
1001 2558 1081 2622 nulli
1105 2558 1328 2642 oppigneretis,
1353 2557 1381 2620 si

234 2666 334 2731 uultis
367 2686 539 2748 numquam
571 2666 802 2749 turpitudinem
835 2665 1002 2743 sustinere,
1035 2671 1073 2729 ut
1104 2664 1269 2728 dormiatis
1300 2663 1382 2728 inter
1398 2688 1425 2729 ro

235 2773 335 2839 cleros
360 2775 445 2839 sicut
466 2774 581 2849 Aaron,
606 2773 770 2837 dormiatis
794 2772 962 2836 interduo
986 2774 1188 2848 testamenta,
1212 2773 1249 2834 ut
1267 2769 1381 2835 dormi-

236 2880 297 2944 atis
321 2900 467 2945 somnum
492 2880 731 2945 resurrectionis
756 2882 870 2945 etuas
897 2897 1042 2961 reparare
1068 2878 1211 2960 possitis.
1244 2878 1304 2941 hoc
1332 2880 1382 2940 est

236 2987 473 3065 uestimentum,
503 2986 586 3069 quod
614 2986 740 3051 etiamsi
769 2986 1036 3069 oppigneraueris,
1065 2982 1279 3068 recipiendum
1312 3002 1404 3055 sans

236 3096 307 3157 otus
347 3092 495 3158 Solomon
528 3093 560 3157 in
594 3092 775 3157 Prouerbiis
809 3093 924 3157 suadet
955 3093 1076 3157 dicens:
1111 3092 1226 3155 aufer
1257 3090 1379 3154 uesti-
1439 3104 1466 3159 Β

324 3232 435 3287 4Rom.
456 3233 482 3300 6,
501 3233 535 3287 20
601 3232 632 3286 11
653 3232 742 3286 Leuit.
765 3232 843 3298 16,ss
912 3234 944 3287 15
963 3232 1042 3287 Num.
1064 3233 1106 3295 16,
1125 3232 1160 3286 48
1227 3230 1379 3285 20Paalm.

235 3320 335 3375 LXVII
355 3322 388 3374 14
443 3320 477 3375 24
496 3320 624 3378 Prouerb.
644 3322 687 3383 27,
706 3321 738 3376 13

273 3436 544 3507 ipudoremom.B
598 3437 854 3506 regenerationisB
907 3436 1240 3506 3meroidemreoipiiP
1291 3440 1382 3489 4801-

235 3544 284 3581 uos
303 3527 331 3580 P
348 3542 441 3581 seruus
460 3532 507 3580 cet.
580 3529 703 3580 terrenus
723 3528 785 3591 (om.
801 3527 841 3593 in)
860 3526 924 3581 ΒΡ
979 3526 1190 3595 ddispoliatum
1204 3525 1234 3579 D
1306 3525 1381 3594 aute]

235 3621 378 3685 antequam
399 3615 457 3668 ΒΤ
473 3616 563 3668 autem
582 3614 645 3669 DP'
716 3616 730 3668 7
751 3614 868 3669 adsoriui
888 3614 916 3685 (d
934 3632 956 3668 e.
975 3615 1014 3684 u.)
1033 3615 1059 3667 P
1078 3614 1190 3669 asscribi
1208 3614 1238 3668 D
1256 3618 1280 3680 (a
1296 3630 1341 3681 pr.
1359 3630 1381 3666 a.

235 3704 274 3775 u.)
292 3704 355 3757 ΡΤ
417 3704 572 3758 9tenebris
590 3703 684 3757 mundi
702 3704 760 3756 ΒΤ
823 3703 1048 3758 taratantara
1108 3705 1138 3756 11
1161 3702 1311 3757 contrariae
1330 3718 1381 3756 om.

236 3794 292 3847 ΒΤ
346 3794 378 3847 12
398 3793 484 3847 altera
502 3792 529 3846 P
584 3794 615 3848 15
636 3793 741 3847 aronP
796 3794 828 3847 17
848 3793 973 3847 uiuorum
986 3809 1036 3847 ona.
1050 3792 1115 3845 ΒΡ*
1189 3791 1305 3845 obiectio
1317 3789 1382 3843 DP'

238 3882 270 3935 18
289 3882 407 3935 tunicam
428 3880 506 3935 uobis
526 3881 582 3935 ΒΤ
661 3881 738 3935 nobis
757 3881 823 3936 DP‘
895 3883 928 3935 19
948 3880 1098 3934 debitorum
1118 3879 1174 3934 ΒΤ
1250 3879 1382 3949 oppigno-

235 3970 300 4023 retis
322 3968 547 4039 Coppigneratis
571 3970 598 4023 V
653 3970 687 4024 20
706 3969 865 4039 numquam]
885 3986 1032 4037 numquam
1051 3968 1167 4037 aliquam
1193 3966 1336 4020 Vnullam
1355 3966 1383 4019 Β

271 4058 510 4129 turpidudinemP
564 4055 1259 4125 (dorimiatis...565‚2indumentisa'nrus.m3T
1312 4057 1383 4109 inter

236 4146 338 4201 medios
359 4148 444 4202 cleros
463 4148 519 4201 BT
571 4148 603 4201 21
624 4147 725 4217 Aaron]
747 4147 838 4202 oleron
861 4146 888 4199 V
939 4148 971 4201 21
994 4151 1025 4200 ut
1043 4162 1093 4200 om.
1118 4146 1144 4199 V
1194 4144 1382 4214 23011111ῃο-

236 4272 338 4326 raueris
355 4271 381 4323 V
393 4271 585 4341 oppignaueris
600 4270 692 4325 DPG
744 4272 780 4324 24
798 4272 920 4323 solomon
934 4271 962 4324 P
975 4270 1094 4323 salomon
1110 4274 1157 4322 cet.
1213 4228 1307 4323 dicius
1321 4245 1383 4322 ruii-

237 4361 285 4415 det
308 4361 333 4413 V
349 4360 481 4430 praecipit
500 4359 591 4414 dicens
611 4361 640 4414 D
661 4360 768 4425 (suadet
787 4375 808 4413 e.
829 4360 934 4425 dicens)
953 4359 989 4410 P'
