3100 4967
647 452 867 507 Praelatio.
1255 458 1334 522 Xffl

184 670 263 727 esse,
294 651 388 715 cuius
415 648 570 732 imagines
598 648 735 731 populus
764 651 854 732 grato
885 646 954 712 eius
981 647 1167 713 memoriam
1189 651 1332 715 recolens

184 760 286 823 animo
311 755 557 821 consemauerit.
582 758 616 819 at
637 758 722 819 recte
744 757 841 837 negat
862 754 931 819 Ihm
956 752 1047 819 Stnd.
1071 755 1218 821 imbros.
1237 776 1268 839 p.
1289 758 1330 822 21

184 865 281 929 ullam
316 882 446 927 causam
479 880 560 939 esse,
593 879 649 925 cur
680 863 803 925 certum
836 860 965 943 aliquod
997 861 1116 926 lactum
1146 862 1197 927 his
1224 862 1333 927 uerbis

185 970 357 1056 significari
381 973 575 1043 statuemus3
601 968 649 1033 sin
673 967 733 1033 hoc
755 966 862 1033 minus
885 968 1018 1051 placeat,
1041 969 1145 1053 magis
1170 973 1332 1035 consenta-

183 1097 276 1143 neum
294 1076 407 1155 uideri,
427 1095 499 1141 cum
514 1074 704 1141 Ambrosius
720 1073 758 1139 de
778 1078 982 1156 tyrannorum
1000 1073 1196 1159 imaginibus
1214 1078 1333 1142 maiore

184 1183 318 1267 quadam
351 1182 384 1247 ui
416 1182 504 1263 loqui
537 1180 693 1259 uideatur,
718 1181 770 1246 uel
802 1181 841 1245 de
868 1182 1006 1247 Maximo
1040 1183 1093 1246 uel
1126 1182 1164 1248 de
1187 1184 1330 1269 Eugenio

183 1290 322 1374 tyrannis
346 1308 419 1354 oum
443 1288 592 1373 cogitare,
616 1288 662 1352 ita
685 1291 721 1353 ut
745 1290 801 1353 aut
827 1290 902 1371 post
925 1308 953 1353 3.
978 1288 1252 1355 CCCLXXXVIII
1275 1294 1332 1356 eut

183 1402 254 1481 post
282 1416 310 1462 3.
335 1394 625 1463 CCCLXXXXIIII
653 1414 814 1461 sermones
842 1395 887 1460 ill=
917 1395 994 1461 editi
1023 1395 1085 1461 dici
1113 1396 1247 1479 possint.
1274 1398 1332 1463 sed

184 1522 255 1569 cum
273 1502 396 1587 tyranni
415 1521 476 1567 non
497 1501 703 1585 principibus,
723 1501 780 1567 sed
797 1502 890 1566 bonis
907 1501 1105 1586 principibus
1122 1506 1330 1587 opponantur,

183 1613 240 1676 hoc
270 1610 364 1675 uerbo
393 1610 494 1675 malos
522 1608 679 1692 principes
709 1608 881 1692 significari
909 1612 1054 1692 apertum
1087 1613 1146 1675 est.
1176 1610 1331 1676 infirmius

183 1718 276 1784 etiam
309 1718 444 1782 alterum
476 1716 691 1781 Maurinorum
724 1719 947 1800 argumentum
981 1720 1040 1791 est,
1075 1717 1130 1799 qui
1158 1736 1195 1781 ex
1224 1718 1330 1783 uerbis

183 1826 257 1903 284,
288 1826 339 1902 12,
369 1823 485 1907 quibus
513 1823 688 1905 psalterum
714 1823 834 1887 mentio
862 1821 1001 1901 inicitur,
1029 1822 1235 1888 Ambrosium
1267 1844 1330 1889 ser-

182 1951 288 1997 mones
312 1930 386 1995 illos
411 1934 483 1994 ante
507 1948 534 1993 3.
560 1928 783 1995 ccclxxxv
807 1932 863 1995 aut
886 1927 1136 2008 cccxxxiiii,
1161 1949 1223 2013 quo
1251 1935 1330 1995 tem·

182 2057 255 2121 pore
277 2038 391 2123 populi
414 2040 540 2102 cantum
565 2037 596 2101 in
620 2036 755 2101 ecclesia
777 2036 929 2113 instituit,
948 2036 1101 2102 habuisse
1121 2037 1329 2120 collegerunt.

182 2145 262 2209 unde
290 2145 354 2209 iam
381 2146 470 2226 patet
498 2144 577 2208 nihil
605 2142 731 2208 omnino
761 2142 847 2225 quod
874 2143 928 2207 uel
954 2143 1153 2209 uerisimile
1181 2144 1331 2211 uideatur

182 2251 331 2317 constitui
355 2269 459 2334 posse.
484 2254 593 2315 contra
615 2249 731 2314 librum
756 2249 795 2313 de
818 2249 1013 2334 apologia
1043 2250 1172 2315 Dauid
1203 2255 1274 2317 ante
1300 2272 1328 2317 a.

183 2357 431 2435 CCCLXXXVI,
450 2374 514 2437 quo
534 2354 687 2439 expositio
706 2355 739 2419 in
760 2356 962 2440 euangelium
974 2356 1083 2421 Lucae
1107 2358 1250 2422 confecta
1268 2361 1328 2436 est,

182 2464 335 2549 scriptum
363 2482 432 2529 esse
460 2462 500 2528 iis
524 2462 695 2527 edocemur
717 2480 798 2545 qnae
821 2462 853 2526 in
882 2463 943 2527 hoc
967 2464 1192 2529 commentario
1214 2464 1262 2529 111
1286 2466 1330 2529 38

183 2574 346 2657 leguntur:
370 2570 420 2635 ‘ds
443 2590 506 2653 qua
528 2570 661 2635 historia
685 2568 717 2655 (i.
744 2589 771 2633 e.
797 2568 835 2634 dc
858 2569 1034 2634 Bersabeae
1059 2589 1164 2635 amore
1184 2574 1217 2635 et
1236 2571 1330 2638 Uriae

183 2675 289 2763 caede)
306 2677 455 2760 quoniam
470 2676 545 2742 alibi
558 2676 684 2760 plenius
700 2675 849 2752 diximus,
863 2676 916 2741 hic
934 2677 1160 2741 transeundum
1180 2678 1330 2754 uidetur‘‚

184 2785 297 2868 quibus
322 2784 501 2869 apologiam
525 2783 614 2848 illam
636 2782 752 2864 respici
777 2786 921 2865 apertum
946 2782 1091 2848 estium
1116 2802 1189 2847 cum
1212 2784 1331 2847 lamen-

183 2891 328 2969 tationes,
352 2890 383 2955 in
407 2908 485 2972 quas
508 2889 697 2955 Ambrosius
721 2890 797 2965 316,
822 2892 864 2953 20
889 2909 958 2971 sqq.
983 2888 1165 2964 effunditur,
1190 2890 1229 2954 ad
1254 2890 1331 2956 Gra·

183 2998 258 3064 tiani
279 2996 407 3062 caedem
426 3016 535 3061 mense
554 2997 703 3077 Angusto
724 3015 751 3061 3.
772 2994 1015 3061 CCCLXXXIII
1034 2996 1152 3061 factam
1170 2995 1334 3061 referenda

183 3106 255 3181 sint,
289 3108 412 3169 certum
444 3107 495 3169 est
526 3102 587 3169 hoc
621 3104 812 3186 opusculum
844 3102 928 3167 intra
960 3122 987 3167 a.
1022 3102 1266 3169 cucumin
1299 3108 1332 3168 et

183 3210 406 3279 CCCLXXXV
426 3212 638 3294 compositum
659 3230 738 3277 esse.
759 3230 920 3277 sermones
945 3210 990 3274 de
1012 3209 1134 3273 Helia
1157 3211 1190 3273 et
1212 3209 1330 3276 ieiunio

182 3319 283 3384 habiti
306 3321 382 3383 sunt
404 3320 479 3399 post
500 3318 697 3401 psalmomm
720 3320 752 3383 et
774 3318 963 3400 hymnorum
987 3318 1115 3380 cantum
1140 3316 1171 3380 in
1195 3315 1331 3381 ecclesia

182 3424 411 3491 Mediolanensi
439 3424 633 3502 institutum,
663 3425 684 3487 i.
711 3444 735 3489 c.
761 3426 836 3509 post
859 3443 885 3487 a.
911 3422 1152 3490 ccccxxxvi
1175 3422 1228 3508 (cf.
1253 3425 1330 3504 445,

185 3532 215 3615 2)
239 3535 368 3597 etanta
392 3550 419 3596 3.
445 3530 710 3609 CCCLXXXXII,
740 3550 801 3613 quo
831 3529 1070 3596 Ualentinianns
1099 3528 1178 3594 alter
1205 3530 1330 3594 occisus

185 3639 244 3715 est;
269 3657 341 3702 nam
366 3638 439 3721 quin
464 3640 601 3715 448,14
626 3638 759 3720 pluralis
783 3636 1031 3719 imperatorum?
1053 3635 1092 3699 ad
1115 3635 1331 3701 Theodosium

185 3748 215 3808 ct
245 3744 501 3811 Ualentinianum
534 3744 692 3828 pertineat
728 3764 790 3810 non
829 3743 950 3809 dubito.
984 3742 1040 3808 sed
1077 3742 1163 3825 quod
1193 3742 1332 3807 Mancini

186 3852 337 3937 suspicati
369 3855 444 3917 sunt
476 3852 680 3918 Ambrosium
712 3853 769 3917 has
799 3851 957 3916 orationes
986 3870 1014 3915 a.
1042 3848 1332 3917 ccclxxxvun

187 3956 360 4025 Theodosio
386 3962 419 4023 et
441 3959 663 4025 Ualentiniano
687 3961 757 4023 tum
782 3958 967 4023 Mediolanii
992 3956 1261 4022 commorantibus
1286 3957 1331 4021 di-

188 4064 265 4130 xisse
289 4066 377 4132 nullo
401 4066 597 4131 firmamento
622 4064 745 4131 nititur.
770 4084 871 4147 neque
895 4084 931 4129 ex
955 4083 992 4129 eo
1017 4063 1101 4146 quod
1125 4064 1200 4141 414,
1227 4064 1267 4127 12
1297 4084 1331 4129 33

189 4170 224 4235 de
245 4172 355 4237 Heliae
384 4172 484 4256 gestis
512 4174 649 4256 plurima
676 4172 738 4237 iam
767 4172 924 4254 frequenti
952 4170 1148 4235 diuersorum
1176 4170 1331 4235 librorum

190 4294 326 4344 sermone
351 4278 524 4362 digessisse
548 4278 637 4355 dicit,
662 4278 833 4361 quicquam
857 4276 896 4340 ad
919 4279 1047 4359 tempus
1072 4274 1330 4340 constituendum

188 4381 352 4450 lucramur.
375 4404 447 4449 nam
465 4385 549 4465 libri,
570 4403 650 4468 quos
670 4386 730 4450 hoc
749 4386 819 4451 loco
838 4384 976 4466 respexit
993 4386 1050 4447 aut
1069 4386 1152 4447 certe
1174 4381 1331 4465 respicere
