3100 4967
226 412 290 474 540
697 405 896 459 Ambrosii

225 603 330 668 nobile
363 601 491 685 Moyses
525 600 693 665 constituit
725 600 883 666 seniorum
918 600 1087 665 iudicium:
1125 602 1158 666 hi
1194 604 1301 665 tamen
1334 602 1371 665 de
1431 604 1450 659 C

225 708 400 773 leuioribus
433 707 625 784 iudicabant,
659 709 793 772 uerbum
825 726 933 792 graue,
963 708 1023 772 hoe
1051 712 1101 771 est
1129 709 1167 772 de
1194 709 1371 790 potioribus

225 815 362 899 negotiis
399 814 504 897 Moysi
535 814 654 878 iudicio
687 834 849 879 reseruare
882 818 1123 879 consueuerant.
1156 815 1208 879 hic
1240 815 1370 879 dieitur:

225 922 381 986 ‘aleonum
406 921 575 986 concilium
599 921 775 995 iudicauit',
797 922 920 1004 919199
945 941 1053 986 eorum
1077 921 1210 986 timetur
1231 923 1371 1006 potentia

226 1048 320 1109 quarn
353 1028 491 1092 leonum.
524 1028 607 1091 inter·
634 1027 690 1091 1999
719 1028 801 1091 19999
831 1027 927 1103 91919,
955 1026 1143 1103 faenerator,
1172 1031 1268 1109 atque
1303 1045 1371 1092 uer·
1400 1051 1412 1088 ⁵

225 1135 315 1219 saris,
352 1134 403 1198 his
440 1133 552 1199 bestiis
592 1134 697 1198 cibum
733 1134 839 1216 eripis,
864 1134 914 1198 1919
947 1133 1080 1199 taetrior
1110 1135 1299 1212 aestimaris,
1321 1134 1369 1199 his

226 1241 384 1306 crudelior
406 1243 479 1324 plus
503 1242 636 1305 timeris.

158 1336 200 1399 39
269 1348 388 1413 Ferunt
412 1347 594 1413 Chunorum
617 1349 753 1430 populos
778 1350 925 1413 omnibus
954 1348 1074 1412 bellum
1101 1348 1214 1412 1919999
1237 1348 1370 1413 9911991·

225 1457 297 1533 hus,
319 1454 566 1519 faeneratoribus
590 1456 695 1518 tumen
721 1474 790 1519 9999
815 1455 977 1520 subiectos
1001 1460 1033 1520 et
1056 1474 1129 1520 eum
1154 1456 1221 1519 sine
1245 1456 1369 1539 legibus

225 1564 347 1638 919991,
381 1562 467 1626 91999
501 1561 601 1626 991199
634 1561 761 1645 legibus
795 1562 954 1638 oboedire,
987 1562 1019 1625 in
1052 1562 1218 1645 procinctu
1251 1562 1449 1642 1991999991)

225 1672 361 1733 tesseras
386 1668 482 1733 919991
507 1672 539 1733 91
562 1688 648 1733 arma
670 1672 794 1751 portare
819 1669 975 1752 91919999
996 1669 1064 1733 9919
1084 1688 1178 1751 quam
1198 1669 1368 1733 hostilibus

224 1776 361 1840 iactibus
384 1777 521 1853 interire,
545 1776 576 1839 in
603 1776 737 1841 uictoria
760 1796 820 1841 sua
843 1777 987 1859 captiuos
1011 1776 1078 1841 fieri
1107 1780 1139 1840 et
1166 1776 1271 1859 999119
1299 1794 1369 1839 999-

224 1902 294 1947 rum
319 1884 452 1967 perpeti,
477 1902 556 1965 quae
579 1884 647 1967 9911
671 1884 709 1948 ab
732 1884 824 1948 hoste
848 1904 909 1949 non
932 1884 1088 1961 nouerint,
1106 1883 1177 1947 ideo
1196 1902 1368 1965 numquam

224 1989 300 2054 belli
330 1990 436 2054 studia
469 1990 633 2073 deponere,
666 1991 752 2073 quod
784 1990 891 2055 919199
925 1991 1011 2055 91999
1041 1990 1128 2068 ludo,
1163 2009 1235 2054 curn
1269 1989 1369 2054 191199

223 2096 355 2178 praedae
387 2116 502 2160 munus
535 2096 687 2173 amiserit,
720 2096 850 2161 ludendi
884 2096 1027 2161 subsidia
1058 2095 1198 2179 requirat
1230 2096 1409 2161 hellandio

223 2204 373 2285 periculo,
398 2204 579 2284 frequenter
603 2206 708 2268 autern
732 2207 821 2269 tanto
845 2204 954 2282 ardore
977 2203 1055 2285 rapi,
1074 2208 1121 2280 ut,
1141 2222 1214 2267 cum
1234 2221 1271 2266 99
1290 2221 1368 2284 quae

223 2311 291 2374 9919
321 2310 428 2393 magni
457 2310 626 2374 aestimant
649 2310 756 2375 919199
781 2328 867 2375 arma
889 2310 1062 2388 tradiderit,
1088 2310 1127 2373 ad
1154 2329 1253 2373 unum
1283 2309 1368 2373 aleae

222 2417 341 2480 iactum
379 2416 478 2480 uitam
517 2436 607 2481 suam
643 2418 797 2500 potestati
828 2418 881 2481 991
915 2417 1047 2482 91919919
1080 2418 1134 2482 991
1164 2416 1367 2482 faeneratoris
1423 2419 1442 2472 11

223 2522 357 2587 addicat.
391 2523 526 2605 denique
555 2525 699 2589 constitit
726 2525 810 2606 quod
841 2524 969 2607 quidam
998 2544 1106 2589 eorum
1130 2528 1162 2588 et
1183 2523 1368 2606 imperatori

222 2630 363 2693 Romano
388 2629 535 2714 cognitus
567 2631 598 2693 19
631 2630 692 2693 fide
725 2631 863 2713 pretium
892 2630 1070 2707 seruitutis,
1099 2649 1193 2713 quam
1222 2629 1409 2696 9111191199

222 2738 305 2800 sorte
333 2740 501 2818 superatus
529 2736 689 2813 intulerat,
724 2737 890 2820 suppliciis
921 2738 1093 2820 imperatae
1123 2737 1237 2802 mortis
1270 2737 1368 2802 exsol-

221 2842 313 2907 uerit.
347 2842 463 2925 premit
494 2863 568 2928 ergo
601 2844 777 2908 1999999199
805 2844 899 2908 etiarn
930 2844 1013 2908 99119
1040 2843 1223 2909 Chunorum
1252 2849 1285 2908 et
1312 2862 1366 2908 999

221 2952 314 3033 urget
336 2949 367 3013 in
392 2952 520 3028 ferrum,
545 2952 659 3034 premit
682 2950 832 3016 barbaros
857 2970 933 3015 suae
956 2955 1074 3015 terrore
1098 2950 1262 3015 saeuitiae.

91 3054 196 3137 litto
266 3056 349 3137 Quid
378 3058 461 3120 enim
491 3058 622 3122 taetrius
651 3078 686 3122 99
716 3058 769 3141 qui
798 3057 892 3122 hodie
915 3057 1054 3121 foenerat
1077 3060 1200 3121 919999
1224 3058 1364 3140 expett?
1407 3059 1480 3116 61141

222 3168 259 3227 91
292 3163 466 3228 odibilis
500 3165 604 3247 inquit
640 3166 755 3229 homo
795 3164 1041 3229 huiusmodi.
1080 3163 1198 3228 oblatio
1236 3165 1406 3246 quideme

312 3304 323 3356 1
345 3301 428 3357 uxor.
451 3302 491 3367 99,
511 3305 545 3358 99
566 3322 605 3373 sq.
661 3305 695 3358 99
716 3304 765 3359 sn.
787 3304 830 3364 eo,
852 3305 884 3357 15
906 3306 961 3370 (99)

255 3426 450 3480 21911991991
473 3426 737 3481 VindicandumT
826 3428 992 3481 3iudicium
1010 3428 1075 3481 DP⁴
1158 3427 1365 3481 consuerantB

220 3516 369 3569 499991119
388 3514 521 3569 iudicabit
544 3516 596 3569 ΒΤ
649 3516 793 3570 aleonum
813 3517 842 3586 (9
862 3520 1004 3583 999992)
1023 3517 1051 3569 Ρ
1121 3516 1205 3585 91919]
1224 3532 1292 3569 uirus
1309 3515 1366 3568 BT

255 3609 337 3673 atque
351 3610 416 3673 9991
434 3606 550 3659 99999919
564 3606 723 3674 transponit
736 3606 763 3657 Β
801 3608 817 3660 6
836 3604 928 3659 bistiis
943 3607 970 3659 P
1021 3606 1066 3659 1919
1080 3607 1129 3660 alt.
1143 3606 1172 3676 (h
1185 3622 1206 3661 9.
1221 3623 1250 3659 n.
1264 3608 1321 3670 m2)
1342 3604 1368 3657 V

255 3694 369 3747 taetrior
383 3693 409 3746 V
421 3693 539 3747 deterior
553 3694 580 3747 Β
594 3696 690 3748 1919199
704 3702 751 3749 991.
788 3695 953 3749 8199999999
967 3695 995 3747 Β
1048 3695 1163 3765 9999199
1178 3702 1220 3761 (99
1235 3710 1268 3747 ea
1282 3699 1325 3759 ns)
1338 3694 1365 3746 Β

256 3782 374 3835 onmium
394 3782 506 3847 (119999.
526 3784 592 3848 ium)
617 3783 643 3835 V
695 3784 851 3838 nationibus
870 3784 953 3837 BTC
969 3784 1120 3837 rationibus
1140 3790 1188 3839 991.
1241 3784 1274 3837 10
1288 3783 1364 3836 91999

219 3881 305 3938 (999.
325 3886 346 3925 a.
366 3886 386 3922 99
412 3870 519 3935 99291)
620 3874 649 3926 11
672 3876 699 3925 91
719 3872 768 3925 aar.
789 3874 904 3936 (199999.
923 3877 979 3936 993,
998 3874 1185 3943 1999999999.)
1207 3872 1292 3925 Tau
1312 3872 1364 3937 (191

219 3958 301 4029 eram]
319 3958 347 4011 Β
400 3958 546 4013 hostilibus
568 3960 598 4020 (11
617 3978 637 4014 a.
657 3978 685 4016 99.
705 3966 761 4026 992)
782 3962 809 4014 Ρ
826 3962 952 4015 hostibus
972 3962 1022 4015 VB
1040 3961 1201 4015 1999119990
1238 3960 1363 4016 rafseti·

219 4046 268 4101 bue
287 4047 315 4100 P
331 4048 432 4102 ictibus
451 4048 481 4102 D
499 4050 542 4119 (ex
560 4049 690 4117 iactibus)
711 4051 770 4103 P¹C
825 4052 858 4105 13
877 4052 982 4120 perpeti
1001 4068 1022 4106 9.
1041 4068 1069 4104 u.
1088 4055 1135 4104 994
1154 4051 1181 4103 Ρ
1234 4052 1267 4104 14
1287 4050 1363 4103 aleae

220 4141 245 4198 (e
268 4153 290 4190 9.
314 4154 341 4193 u.
365 4140 422 4201 992)
455 4138 478 4190 V
572 4140 603 4193 16
628 4140 686 4209 9991
712 4139 828 4208 099911
851 4139 942 4193 ΡΒΡ’
966 4142 1066 4209 9991911
1093 4146 1149 4203 991,
1173 4140 1238 4207 fort.
1261 4141 1362 4211 raptari

220 4226 251 4278 11
271 4242 370 4295 magna
388 4225 453 4279 ΒΡ*
508 4228 542 4280 22
562 4228 709 4281 chunorum
729 4230 755 4299 (c
773 4230 854 4297 9999.)
875 4230 902 4281 Β
963 4228 1203 4298 2499199]911999
1221 4229 1248 4282 B
1319 4234 1361 4301 19-

218 4314 286 4365 irtus
305 4314 362 4366 PV
378 4314 476 4367 tetrius
496 4322 542 4369 991.
617 4316 725 4385 expedit
745 4317 774 4381 (d
793 4321 866 4383 eat)
886 4318 914 4370 B
967 4316 1122 4373 1519199119
1142 4318 1249 4387 quidem
1269 4318 1296 4370 Β
