3100 4967
237 406 304 472 364
393 413 396 416 ’
689 404 911 475 [Ambrosii]

237 600 313 682 quia
336 619 411 665 uon
434 601 671 666 saluabitur
693 621 759 667 rer
783 621 852 684 per
874 601 1186 665 multitudinem
1205 599 1381 664 uirtutis

238 728 335 773 suae
368 727 438 773 nec
472 708 616 793 gigans
650 708 793 774 saluus
826 710 906 774 erit
937 709 975 774 in
1009 707 1279 774 multitudine
1307 709 1382 773 uir·

238 815 345 880 tutis
370 835 476 882 suae.
501 835 562 881 uon
586 817 670 880 enim
693 816 725 880 in
749 817 823 882 altis
847 817 1120 883 tabernaculorum
1145 815 1285 900 fastigiis
1314 835 1383 898 pre·

237 923 386 1005 tiosoque
418 927 576 990 tectorum
605 923 751 1001 culmine,
781 924 838 988 sed
865 943 959 1006 super
986 923 1174 988 timentibus
1203 943 1276 988 eum
1304 923 1383 987 bene

238 1031 392 1114 placitum
427 1033 492 1096 est.
508 1031 634 1097 domino
666 1035 700 1096 et
726 1031 777 1097 his
807 1032 861 1114 qai
890 1035 1018 1115 sperant
1045 1051 1141 1114 super
1166 1030 1383 1095 misericordia
1415 1053 1427 1094 e

187 1141 226 1205 11
239 1140 320 1205 eius.
342 1139 498 1205 lubricam
521 1139 621 1222 igitur
643 1139 791 1204 uidemus
815 1139 854 1203 ed
877 1139 958 1204 uitia
980 1141 1183 1222 potestatem,
1202 1157 1260 1202 nec
1277 1141 1383 1202 tamen
1444 1145 1464 1198 Ε

239 1265 364 1328 semper
385 1246 531 1311 inflexam
556 1245 698 1324 dixerim,
724 1246 874 1328 quoniam
898 1246 997 1330 regali
1024 1247 1184 1328 potestate
1212 1243 1383 1308 sublimem

239 1357 271 1418 et
311 1353 418 1418 Dauid
458 1352 596 1436 legimus
638 1344 745 1418 cultus
788 1353 914 1418 auxisse
951 1353 1075 1418 diuinos
1113 1355 1144 1416 et
1181 1351 1383 1417 Salomonem

238 1461 393 1542 templum
417 1459 544 1526 domino
567 1479 778 1525 consecrasse.

187 1567 228 1630 12
282 1565 376 1630 Nunc
399 1566 479 1630 illud
503 1565 587 1648 quod
609 1565 850 1648 perstrinximus
875 1565 1059 1630 adseramue
1083 1565 1269 1630 facultatem
1297 1564 1382 1646 inpe-
1402 1587 1426 1626 ro

239 1670 328 1736 randi
349 1672 549 1736 incentiuum
572 1689 642 1736 esse
665 1671 817 1754 peccandi
841 1673 874 1736 et
896 1671 1073 1736 secundum
1095 1671 1246 1736 historiae
1270 1653 1382 1735 seriem

238 1797 478 1860 prosequamur.
502 1797 564 1842 nou
588 1777 802 1842 adulterasset
824 1777 929 1841 Dauid
953 1777 1047 1842 alieni
1070 1777 1121 1843 ius
1145 1777 1204 1843 tori
1230 1780 1262 1842 et
1279 1777 1382 1843 foede-

239 1887 301 1948 rati
332 1889 425 1968 pacta
456 1885 607 1969 coniugii,
640 1885 703 1949 uisi
734 1885 852 1949 nudam
884 1888 916 1949 et
946 1885 1107 1950 leuantem
1141 1885 1307 1949 mulierem
1346 1884 1382 1949 de

240 1991 333 2057 domo
359 2012 417 2057 sua
439 1993 586 2056 interiore
610 1992 755 2058 uidisset.
779 1995 811 2056 et
833 1992 905 2058 ideo
929 1993 1008 2058 bene
1033 1993 1186 2075 scriptum
1211 1995 1279 2056 est:
1308 2009 1380 2056 uon
1440 1999 1460 2052 F

239 2099 388 2164 incidas
429 2099 466 2164 iu
506 2099 682 2164 mulieris
726 2100 891 2181 speciem
930 2103 968 2164 et
1014 2118 1082 2163 non
1130 2099 1423 2180 concupiscasu

239 2207 437 2271 mulierem
461 2209 494 2270 et
517 2206 612 2271 alibi:
637 2207 679 2270 ab
705 2205 824 2271 omnis
848 2206 1102 2270 inreuereutia
1130 2206 1255 2270 oculis
1282 2225 1380 2270 caue.

239 2313 319 2378 nihil
343 2312 381 2377 de
405 2313 598 2378 continentia
619 2315 677 2377 tua
700 2315 732 2376 et
754 2312 875 2378 uirtute
902 2301 1096 2394 praesumas.
1127 2312 1244 2378 etenim
1272 2313 1381 2377 forni-

242 2420 342 2484 catio
366 2419 543 2484 mulieris
562 2420 598 2484 in
615 2421 845 2485 extollentia
865 2420 1059 2486 oculorum
1078 2424 1114 2485 et
1131 2420 1168 2484 in
1187 2420 1382 2503 palpebris

239 2526 349 2592 illius
387 2531 629 2610 agnoscetur,
667 2530 699 2590 et
729 2527 802 2592 ideo
836 2546 965 2592 causam
998 2527 1100 2609 primo
1133 2527 1255 2610 peccati
1287 2527 1381 2610 fuge;

240 2652 332 2698 nemo
364 2634 449 2697 enim
482 2633 536 2698 diu
569 2633 659 2698 fortis
693 2636 752 2712 est,
785 2653 887 2717 neque
915 2633 1020 2718 fragili
1047 2637 1181 2712 tantum,
1211 2633 1267 2698 sed
1296 2633 1381 2696 omni
1398 2638 1500 2694 allia

240 2740 361 2804 homiui
388 2739 523 2805 dicitur:
557 2758 626 2804 uon
658 2744 697 2805 te
730 2741 861 2806 uincet
893 2741 1208 2822 concupiscentia
1239 2739 1380 2803 formae

239 2884 283 2893 -
308 2846 335 2912 si
358 2849 420 2912 non
444 2847 495 2912 uis
519 2847 616 2923 uinci,
639 2866 700 2912 nou
725 2847 925 2930 congrediare
949 2847 1101 2930 peccatis,
1124 2865 1163 2911 ne
1187 2846 1225 2910 de
1249 2848 1280 2911 te
1304 2845 1381 2910 uitia

239 2956 430 3018 coronentur
458 2991 501 3001 -
529 2973 648 3035 neque
678 2954 842 3036 capiaris
873 2954 995 3018 oculis
1028 2972 1145 3037 neque
1178 2953 1381 3036 abripiaris

329 3197 342 3248 1
362 3195 462 3250 Psalm.
481 3195 583 3249 XXXII
603 3196 635 3249 16
712 3197 728 3250 3
747 3195 849 3250 Psalm.
869 3194 1028 3250 CXXXXVI
1048 3196 1089 3262 10,
1110 3197 1140 3250 11
1217 3197 1250 3250 14
1270 3196 1319 3252 Sir.
1340 3199 1381 3260 25,

237 3284 271 3337 21
294 3284 350 3354 (28)
406 3283 625 3349 resineam
647 3285 704 3351 (14)
761 3284 1041 3352 mainadarum
1101 3285 1133 3339 21
1154 3284 1283 3342 Prouerb.
1302 3288 1328 3348 6,
1348 3287 1381 3340 26

239 3374 274 3427 23
292 3373 422 3428 Prouarb.
440 3374 466 3439 6,
485 3375 519 3428 25

274 3514 407 3584 2gigans
430 3514 456 3567 Τ
471 3515 501 3584 (n
519 3518 601 3583 eraa)
621 3514 699 3585 gigas
717 3521 764 3570 cet.
856 3515 1057 3570 multitudinem
1077 3515 1109 3568 N
1174 3515 1238 3570 ain
1257 3532 1308 3573 om.
1332 3515 1385 3570 TN

238 3603 371 3672 digitur]
393 3603 463 3656 euim
481 3603 552 3658 B‘P‘
616 3604 751 3658 danblim
772 3603 827 3658 TD
890 3604 1158 3675 81egibusBB⁴et
1179 3607 1329 3672 (conabor)
1352 3605 1383 3658 ll

275 3691 382 3744 diuinos
401 3692 506 3746 auxisse
525 3693 552 3745 B
608 3692 642 3748 16
659 3693 834 3762 {astrinximus
857 3693 883 3747 T
953 3710 1120 3758 assaeramus
1138 3694 1170 3748 T‘
1184 3701 1210 3764 (e
1223 3695 1294 3762 fort.
1309 3711 1342 3750 ecc
1358 3701 1381 3758 c)

238 3779 412 3833 adsacramua
430 3779 494 3832 BB¹
551 3781 584 3834 12
602 3781 782 3835 adulterasset
803 3781 887 3835 TND
905 3782 1071 3836 adulterasse
1090 3789 1137 3837 cet.
1227 3782 1300 3837 thori
1320 3781 1384 3836 riori

274 3866 423 3922 foederaD
461 3869 494 3922 14
506 3866 585 3922 domo
600 3885 649 3921 sua
660 3868 788 3922 anteriore
802 3868 859 3923 TN
865 3869 959 3923 donans
973 3887 1037 3924 suae
1052 3869 1226 3924 interioribus
1237 3871 1382 3938 (interioris

239 3957 273 4010 P'
292 3963 318 4012 ct
335 3975 348 4010 s
366 3973 437 4012 eraa
452 3955 497 4020 13¹,
516 3956 639 4010 interiori
652 3957 725 4024 PM)
740 3965 787 4014 cot.
846 3958 878 4012 15
897 3958 1059 4012 intendaaX
1115 3961 1149 4013 16
1169 3963 1197 4012 et
1214 3959 1267 4013 TN
1283 3961 1322 4015 ait
1335 3967 1381 4014 ccl.

275 4047 309 4099 ab
324 4046 411 4100 onmis
426 4045 606 4099 intonarentis
621 4045 705 4099 oculis
718 4045 826 4114 scripsi,
836 4047 910 4114 cflp.
919 4049 979 4100 365
988 4050 1057 4100 aa21
1067 4053 1092 4100 et
1102 4046 1134 4100 de
1144 4047 1202 4101 aab.
1212 4049 1281 4117 airp.
1292 4051 1336 4111 10,
1350 4052 1381 4102 71

238 4134 273 4188 ab
294 4135 365 4188 omni
383 4135 562 4189 inrenercutia
587 4138 612 4200 (a
635 4151 704 4189 erae.
724 4137 767 4202 N)
792 4135 877 4189 oculis
901 4135 956 4189 TN
976 4135 1010 4189 ab
1031 4136 1103 4189 omui
1122 4136 1287 4190 iuraueranti
1306 4136 1381 4190 oculo

238 4225 302 4278 PM
318 4224 352 4277 ad
370 4241 464 4278 omnes
481 4224 668 4279 inreuereutea
686 4225 777 4279 oculos
796 4231 843 4279 cet.
882 4227 915 4281 19
934 4230 1096 4295 agnoscetur
1113 4224 1171 4277 BD
1188 4224 1382 4297 (γνωαθήαεται

237 4312 336 4380 LXX)
355 4314 512 4381 agnoscitur
530 4319 577 4367 cet.
631 4315 666 4368 22
684 4314 730 4382 ne]
750 4329 800 4369 nec
818 4312 876 4366 XN
