3100 4967
204 533 268 595 222
678 527 876 581 Ambrosii

113 720 201 801 6,16
248 724 311 791 Sed
335 724 374 789 ad
397 724 579 809 propositae
603 724 695 789 nobis
718 722 985 805 interpellationis
1008 720 1124 785 seriem
1145 725 1352 785 reuertamur.
1399 720 1536 773 632111

203 832 354 897 multas
373 832 478 913 inquit
501 831 779 896 contritiones
802 829 906 894 feeit
927 829 1038 894 mihi.
1062 828 1270 912 respirare
1293 844 1351 889 me

203 957 276 1002 nou
298 938 411 1013 sinit,
431 938 626 1021 impleuit
643 956 701 1002 me
718 936 1013 1012 amaritudine;
1030 934 1352 1019 etquiauirtute

204 1049 267 1111 est
294 1049 451 1127 petens,
482 1048 764 1127 nemopotest
786 1043 945 1109 iudicio
971 1044 1060 1108 eius
1084 1042 1292 1107 resistere.
1317 1039 1352 1103 si

203 1152 343 1217 iustus
377 1170 461 1215 sum
497 1152 628 1228 sorde,
661 1152 809 1237 lingua
839 1170 924 1215 mea
952 1156 1071 1217 errat,
1100 1167 1285 1233 magnum
1314 1149 1353 1211 et
1384 1168 1398 1205 s

204 1261 413 1341 potentem
449 1256 657 1339 disperdit
689 1257 758 1322 ira.
792 1256 966 1340 improbi
998 1256 1037 1319 in
1068 1258 1197 1319 morte
1225 1254 1353 1337 graui,

203 1364 308 1429 iusti
338 1370 470 1428 autem
501 1364 750 1438 inridentur;
776 1363 862 1428 dati
890 1366 987 1429 sunt
1016 1364 1118 1428 enim
1146 1362 1185 1425 in
1213 1377 1353 1424 manus

203 1471 330 1553 impii.
359 1470 433 1535 uide
462 1470 596 1554 singula.
620 1471 809 1553 potentibus
831 1470 878 1535 ira
901 1490 961 1535 sua
983 1474 1034 1535 est
1056 1468 1175 1553 grauis,
1198 1466 1353 1548 improbis

203 1578 354 1660 nequitia.
379 1577 474 1641 iustis
498 1576 694 1641 condicionis
717 1577 897 1643 infirmitas.
920 1578 967 1641 ita
989 1577 1069 1641 nihil
1086 1576 1228 1659 periculo
1247 1577 1351 1639 uacat.

202 1685 357 1750 fortitudo
382 1688 414 1749 et
431 1684 617 1769 magnitudo
638 1684 700 1749 uiri
720 1703 780 1749 sua
796 1688 957 1766 potestate
977 1683 1145 1766 decipitur,
1164 1680 1353 1763 improbitas
1374 1701 1399 1737 ιο
1418 1680 1442 1734 O

203 1791 394 1869 adflictatur,
418 1792 523 1855 uirtus
547 1791 678 1855 ridetur.
703 1791 768 1867 illo,
794 1792 869 1873 quia
890 1792 965 1873 plus
987 1792 1106 1873 potest,
1129 1789 1258 1863 labitur,
1278 1787 1351 1860 iste,

203 1898 276 1979 quia
296 1897 375 1961 nihil
394 1900 512 1979 potest,
532 1896 702 1981 adfligitur.
724 1896 920 1962 condicionis
944 1899 994 1961 est
1018 1896 1144 1969 uitium,
1168 1893 1244 1976 quia
1265 1889 1354 1955 uit'a

203 2008 346 2068 nostra
369 2003 505 2068 leuior
528 2007 592 2067 est
614 2022 801 2078 eursore;
820 2002 1032 2077 trandidit,
1053 2004 1092 2067 et
1110 2001 1216 2065 nihil
1235 1998 1352 2064 uidit.

202 2114 409 2192 tamquam
447 2109 562 2173 nauis
600 2108 830 2192 uestigium
867 2112 936 2172 aut
972 2108 1135 2191 aquilae
1167 2106 1352 2171 uolantis

203 2215 442 2299 quaerentis
480 2234 627 2293 eseam,
658 2216 704 2280 ita
736 2215 888 2298 praeterit
920 2220 954 2279 et
986 2215 1053 2279 uita
1084 2213 1233 2279 hominis.
1267 2212 1353 2295 quod
1373 2233 1399 2271 1⁵

201 2323 371 2405 loquimur,
409 2321 639 2399 obliuiscimur,
676 2340 733 2387 nee
762 2322 864 2386 ullum
901 2322 1057 2386 transitus
1092 2321 1194 2386 nostri
1228 2319 1353 2404 insigne

203 2428 450 2510 deprehenditur
485 2430 548 2494 nisi
585 2428 668 2511 quod
708 2430 752 2494 sit
787 2429 916 2511 plenum
952 2429 1104 2493 maeroris
1137 2434 1170 2492 et
1201 2426 1352 2511 gemitus.

206 2536 424 2600 concutior
446 2536 551 2618 inquit
574 2536 762 2601 omnibus
786 2535 988 2603 membris
1014 2536 1169 2600 utinam
1197 2535 1253 2599 sit
1281 2553 1352 2598 me
1418 2541 1443 2594 Ι)

205 2640 341 2705 diator
359 2644 499 2705 nester
518 2645 557 2706 et
576 2660 748 2725 arguens
769 2648 808 2705 et
827 2641 1062 2707 diiudicans
1080 2642 1188 2706 inter
1206 2643 1353 2705 utrum·

160 2738 176 2758 ”
204 2766 278 2830 que
303 2752 498 2813 nostrum.
520 2746 650 2812 dicam
670 2748 850 2812 domino:
870 2768 995 2830 quare
1014 2750 1073 2813 sie
1092 2767 1149 2812 me
1168 2747 1352 2812 iudicas?
1371 2766 1398 2803 11

204 2872 249 2917 an
278 2854 424 2919 bonum
453 2855 533 2919 tibi
564 2859 698 2919 estut
727 2874 798 2939 ego
827 2855 1012 2919 iniustus
1041 2856 1126 2929 sim,
1156 2855 1250 2937 quia
1272 2873 1353 2936 rep·

203 2960 1351 3043 pulistioperamanuumtuarumeteonsilioimpiorum

203 3067 453 3133 intendisti?
500 3068 695 3151 numquid
742 3070 852 3133 siout
891 3069 1083 3133 mortalis
1124 3068 1249 3145 uidet,
1292 3068 1352 3133 sie

206 3173 375 3238 uideas?
409 3178 479 3238 aut
513 3174 599 3239 uita
631 3178 701 3239 tua
728 3174 841 3239 sieut
867 3174 1045 3239 hominis
1073 3179 1142 3240 aut
1169 3175 1263 3239 anni
1291 3176 1352 3239 tui

205 3280 316 3345 sieut
351 3281 442 3358 uiri,
480 3282 575 3364 quia
612 3282 837 3363 exquisisti
874 3282 1125 3364 iniquitates
1163 3301 1271 3346 meas
1312 3285 1398 3346 etse

204 3390 374 3469 peecata
401 3406 486 3452 mea
514 3388 815 3472 inuestigasti?
844 3386 955 3452 nosti
984 3389 1087 3452 enim
1111 3388 1206 3470 quia
1228 3387 1351 3470 impie

206 3510 278 3556 uon
305 3493 436 3577 gessi3
463 3493 531 3558 sed
556 3492 645 3577 quis
667 3493 816 3576 estqui
837 3494 881 3558 de
900 3492 1086 3557 manibus
1106 3493 1191 3557 tuis
1211 3492 1352 3559 eruat?

295 3788 311 3841 2
331 3787 379 3841 Iob
400 3790 424 3852 9,
446 3790 559 3853 17-20,
579 3790 686 3843 22-24
743 3791 775 3843 12
795 3789 843 3842 Iob
863 3791 889 3853 9,
909 3790 943 3845 25
963 3806 1003 3858 sq.
1062 3790 1094 3843 18
1113 3789 1161 3843 lob
1181 3792 1206 3853 9,
1226 3790 1261 3843 28
1275 3793 1304 3842 et
1317 3790 1353 3842 33

205 3875 240 3929 20
259 3874 308 3929 Iob
329 3876 370 3941 10,
390 3878 458 3931 2-7

241 4071 259 4123 4
278 4070 335 4123 eius
354 4069 454 4125 iudicio
474 4070 501 4123 B
565 4072 581 4124 9
600 4073 685 4139 uagat
703 4070 730 4123 P
784 4071 816 4124 11
836 4069 941 4124 ridetur
962 4071 1105 4125 Cridetur
1122 4070 1226 4125 ridetur
1245 4071 1272 4124 P
1289 4070 1351 4135 (alt.

205 4157 309 4213 ridetur
326 4175 346 4212 e.
367 4175 394 4212 a.
414 4163 470 4219 11121
491 4164 538 4213 eet.
592 4161 624 4213 14
643 4158 763 4212 uolantis
782 4164 811 4213 et
823 4160 888 4213 DP¹
940 4162 973 4214 15
991 4160 1108 4214 hominis
1126 4161 1154 4213 P
1169 4162 1190 4229 (i
1210 4161 1259 4213 alt.
1279 4164 1351 4223 ese)

208 4248 239 4300 19
266 4252 294 4301 et
318 4264 434 4317 arguens
460 4252 488 4301 et
512 4248 611 4316 scrupea·
636 4248 691 4318 (ant
709 4246 824 4320 ἐλέγχων
842 4248 886 4300 καὶ
905 4246 1033 4301 trauains
1055 4248 1154 4315 LXX)
1180 4252 1209 4302 et
1234 4263 1352 4318 arguens

205 4334 322 4389 PDPC
339 4353 453 4406 arguens
473 4340 501 4391 et
518 4335 546 4389 B
582 4338 614 4390 21
636 4337 753 4391 iniustus
771 4338 799 4389 B
818 4337 857 4401 (in
874 4352 896 4389 a.
915 4338 955 4404 a.)
973 4338 1062 4391 iustus
1080 4338 1145 4391 ΠΡ·
1182 4340 1217 4391 22
1236 4343 1264 4391 et
1277 4337 1351 4397 DP‘,

206 4444 257 4483 om.
277 4432 324 4481 eet.
381 4428 415 4481 23
436 4426 511 4479 uides
530 4426 557 4477 B
612 4425 646 4479 26
665 4442 719 4479 uon
738 4424 821 4495 impie
840 4424 912 4494 gessi
931 4425 958 4478 B
1013 4427 1047 4481 27
1067 4426 1251 4480 eruaturDC
