3100 4967
188 350 191 359 1
259 404 320 467 156
733 398 930 453 Ambrosii

254 598 290 661 in
324 596 439 661 terris
474 595 556 661 siue
590 614 683 677 quae
716 595 752 660 in
787 597 894 660 caelo
928 598 1026 660 sunt.
1056 594 1148 661 cuius
1177 599 1289 678 typum
1318 614 1405 677 prae-

254 702 357 767 ferens
395 703 510 786 pulcre'
541 702 740 767 benedicitur
777 705 907 766 sanctus
943 702 1070 785 Ioseph,
1108 704 1147 766 ut
1179 701 1407 766 honorificetur

253 809 337 874 inter
359 810 482 874 fratres

209 923 252 985 55
299 916 588 999 Primogenitus
618 916 719 979 tauri
749 916 864 980 decus
889 916 973 980 eius
997 915 1140 979 habens
1165 933 1305 979 cornua
1328 914 1427 977 uni.

253 1025 396 1101 cornui,
429 1024 466 1087 in
501 1022 638 1105 quibus
671 1029 805 1105 gentes
837 1021 1058 1086 uentilabit.
1092 1027 1124 1086 et
1156 1022 1258 1087 bonus
1290 1025 1404 1086 taurus
1435 1044 1448 1082 s

182 1122 186 1131 ’
253 1132 344 1215 qnasi
358 1130 465 1197 hostia
478 1149 534 1213 pro
555 1130 681 1193 delictis
702 1132 734 1194 et
752 1129 853 1195 totius
873 1129 985 1193 mundi
1004 1129 1147 1204 uictima,
1167 1132 1205 1193 ut
1223 1127 1403 1212 pacificaret

253 1238 368 1304 omnia.
385 1238 476 1303 ouius
494 1238 592 1301 decus
609 1238 755 1301 sanctum
768 1260 775 1313 ;
788 1255 881 1299 omne
892 1236 975 1301 enim
986 1240 1133 1301 sanctum
1143 1235 1401 1319 primogenitum,
1471 1237 1494 1289 B

251 1346 337 1409 sieut
369 1344 444 1409 alibi
477 1343 779 1417 demonstrauimus,
812 1343 895 1407 unde
926 1343 1006 1407 Leni
1038 1362 1100 1408 non
1134 1342 1249 1407 aetatis
1283 1341 1402 1415 ordine,

251 1452 307 1515 sed
332 1470 438 1517 sacrae
463 1450 678 1515 successionis
696 1450 920 1533 praerogatiua
938 1449 1170 1533 primogenitus
1189 1448 1307 1513 meruit
1325 1468 1401 1513 uun·

251 1558 370 1641 cupari.
405 1561 438 1621 et
469 1575 543 1620 uere
577 1558 723 1619 sanctum
758 1554 855 1619 decus
889 1555 970 1629 eius,
1005 1555 1043 1619 de
1077 1575 1138 1637 quo
1168 1556 1324 1639 scriptum
1353 1560 1403 1619 est
1422 1580 1449 1619 ιο

183 1710 185 1715 -
250 1666 455 1748 resurgente:
483 1663 683 1747 speciosus
708 1663 828 1726 forma
850 1682 938 1745 prae
967 1662 1067 1727 filiis
1096 1664 1298 1737 hominum,
1328 1663 1402 1745 quia

249 1772 320 1853 ipse
348 1775 398 1834 est
424 1768 658 1853 primogenitus
688 1788 724 1832 ex
754 1769 902 1843 mortuis,
930 1769 1051 1833 habeus
1080 1789 1196 1835 cornua
1223 1769 1400 1834 unicornui.

251 1880 306 1942 sed
335 1896 409 1942 curn
437 1876 551 1941 dixerit
581 1894 708 1953 cornua,
737 1875 897 1959 quomodo
925 1875 1093 1940 unicornui
1121 1877 1266 1959 posuerit
1297 1876 1400 1958 requi-

248 1985 393 2059 rendum,
409 2002 481 2048 oum
497 1983 602 2066 ipsum
622 1982 835 2047 unicornuum
855 1983 938 2046 inter
957 1983 1176 2067 generationes
1196 1983 1342 2060 ferarum,
1363 1988 1400 2045 ut

249 2091 343 2174 periti
371 2090 469 2167 aiunt,
498 2107 560 2153 non
587 2088 780 2153 inueniatur.
809 2092 842 2153 et
869 2088 941 2153 ideo
969 2089 1104 2153 uerbum
1133 2090 1262 2154 iunicum
1296 2090 1490 2174 magisne

249 2198 417 2277 aestimare
441 2196 603 2274 debemus,
628 2196 703 2279 qnia
727 2196 967 2261 substantiuunn
992 2197 1125 2261 uerbum
1150 2198 1200 2261 dei
1219 2216 1319 2262 unium
1337 2200 1397 2262 est.

251 2324 314 2370 non
346 2305 448 2370 inulta
479 2304 585 2371 uerba.
619 2303 703 2368 unde
741 2307 773 2369 et
809 2304 900 2368 Anna
936 2304 1000 2369 ait:
1038 2304 1211 2369 dominus
1248 2304 1398 2369 iudicat

250 2412 341 2477 finis
379 2415 511 2489 terrae,
555 2414 592 2476 et
633 2410 740 2475 dabit
780 2411 966 2475 uirtutem
1007 2412 1088 2495 regi
1130 2417 1166 2477 et
1208 2412 1399 2477 exaltabit

252 2536 419 2583 cornum·
444 2518 579 2583 christi
623 2518 692 2593 sui,
727 2522 759 2583 et
800 2519 911 2583 Esaias
949 2520 1012 2583 ait:
1050 2519 1162 2583 uinea
1198 2519 1300 2583 sacta
1340 2526 1399 2582 est

251 2624 392 2690 dilecto
429 2625 464 2689 in
503 2644 617 2690 cornu
655 2625 691 2689 in
728 2625 812 2690 loco
846 2626 964 2701 iuberi,
999 2625 1149 2707 quoniam
1182 2626 1213 2689 in
1246 2625 1296 2690 dei
1330 2624 1443 2688 filioeo

249 2731 411 2815 unigenito
439 2730 531 2795 floret
559 2732 694 2796 ecclesia
722 2738 834 2797 tenens
864 2733 996 2796 unicum
1025 2733 1075 2796 dei
1103 2732 1248 2806 uerbum,
1276 2732 1396 2815 inquo

250 2840 300 2902 est
327 2836 457 2902 uirtutis
486 2840 581 2918 atque
611 2838 785 2920 sapientiae
813 2838 989 2921 plenitudo,
1018 2838 1111 2903 cuius
1135 2838 1279 2903 ubertate
1303 2858 1396 2922 seges

247 2944 321 3009 fidei
345 2943 528 3026 pullulauit.
554 2944 639 3026 quod
663 2944 796 3009 uerbum
821 2948 1000 3027 sequuntur
1023 2946 1135 3009 sancti.

336 3220 405 3275 ade
425 3220 491 3277 Cain
511 3226 539 3275 et
559 3222 716 3285 Abelsse.
737 3223 751 3275 7
772 3242 825 3295 sq.;
848 3227 874 3288 4,
895 3225 928 3278 13
1021 3224 1394 3279 11Psalm.xXXX[11[3

248 3308 501 3369 120010111ιὸ
558 3312 589 3365 17
609 3312 753 3381 aegla.
775 3314 809 3367 10
866 3314 898 3368 le
917 3314 989 3367 Esai.
1009 3315 1068 3377 5,1

282 3503 297 3554 2
318 3504 409 3572 pulcre
430 3504 499 3557 BP¹¹
518 3505 628 3574 pulchre
648 3512 694 3562 cet.
769 3506 967 3560 honoreflcetur
988 3508 1011 3559 B
1030 3508 1051 3578 (i
1068 3524 1090 3561 s.
1111 3508 1198 3576 epti
1267 3508 1283 3560 5
1302 3508 1393 3559 uenti·

245 3590 315 3644 nanu
335 3591 363 3657 (b
378 3598 450 3657 esu)
469 3592 493 3643 a
512 3595 658 3647 cantilauit
672 3594 825 3649 arnor
881 3598 895 3649 n
915 3582 974 3651 εῖηῖ
985 3614 1031 3666 pr.
1047 3596 1073 3647 a
1092 3597 1128 3666 (m
1147 3596 1179 3649 sn
1192 3597 1261 3665 rae.)
1275 3582 1318 3650 {a}
1330 3597 1396 3652 arr

244 3680 505 3735 sunaeetnrn
567 3668 1392 3754 tessaracota.marffiffs‘c‘s’u‘ppraer

243 3769 325 3836 infru
344 3786 356 3822 s
377 3770 425 3823 ult.
444 3776 511 3836 rus.)
583 3772 616 3825 13
636 3775 757 3841 posuerit
776 3773 918 3827 unicornui
937 3774 1011 3829 WB
1076 3775 1110 3827 14
1127 3774 1247 3843 ipsorum
1265 3774 1292 3827 P
1310 3783 1391 3837 (ors.

242 3874 271 3913 u.
291 3862 346 3924 nr2)
369 3858 401 3912 T'
473 3860 531 3929 ipsc
550 3861 712 3915 unicornuus
731 3862 806 3918 tt⁴¹E
859 3864 891 3918 15
911 3862 1023 3916 uerbum
1042 3862 1115 3931 B(b
1134 3878 1155 3915 s.
1175 3865 1216 3929 u.)
1267 3863 1300 3916 17
1319 3862 1391 3916 iudi·

244 3947 317 3999 cauit
335 3946 368 3999 P‘
441 3948 475 4001 18
495 3950 562 4001 flues
582 3948 608 3999 R
627 3953 653 4015 (e
673 3966 706 4004 ea
724 3950 745 4019 i)
765 3957 811 4005 cet.
887 3952 1018 4005 exaltauit
1036 3952 1063 4005 B
1082 3955 1163 4016 (corn
1182 3956 1236 4018 ml)
1255 3952 1288 4009 W
1308 3958 1388 4014 (corr.

243 4037 300 4099 m2)
324 4034 346 4089 0
366 4034 498 4089 exultauit
521 4036 545 4089 V
601 4036 633 4091 19
654 4054 762 4092 cornum
783 4043 820 4104 (m
839 4041 921 4106 eras.)
941 4038 994 4093 ΒΟ
1013 4054 1094 4093 cornu
1114 4044 1160 4095 cet.
1234 4040 1276 4093 sui
1294 4044 1342 4094 m2
1358 4041 1390 4093 iu

241 4138 294 4191 unp.
312 4123 349 4187 D,
369 4138 420 4177 om.
439 4122 472 4177 N
542 4126 627 4179 eseias
648 4126 673 4178 B
694 4129 721 4195 (a
739 4144 760 4181 e.
781 4144 795 4180 e
815 4128 877 4197 alt.)
966 4129 999 4181 21
1020 4128 1155 4196 unigeniti
1171 4128 1201 4182 P
1219 4133 1245 4196 (o
1263 4144 1286 4185 a.
1304 4129 1314 4191 i
1331 4134 1389 4193 ma)

242 4212 278 4264 22
305 4212 429 4266 ubertate
453 4212 480 4265 B
509 4217 535 4279 (e
564 4230 596 4269 ac
624 4216 643 4279 i)
737 4218 771 4271 23
799 4216 946 4286 pullularit
968 4218 995 4271 P
1021 4225 1048 4283 (r
1075 4234 1098 4272 a.
1126 4222 1152 4282 a)
1262 4222 1390 4271 secuntur

241 4300 389 4355 N‘VPP‘
