3100 4967
237 468 301 531 566
721 464 918 517 Ambrosii

238 660 333 739 ditur,
357 660 543 744 inpudentia
565 660 840 742 praetendebatur.
875 661 1099 743 coangustauit
1121 659 1255 724 uerbum
1279 660 1388 725 diceus
1453 673 1475 726 Ε

239 766 277 831 ad
306 766 483 832 dominum:
512 771 554 830 tu
584 766 666 830 scis
695 766 789 847 quia
816 766 921 829 falsa
956 764 1146 831 dixerunt
1179 766 1222 831 de
1255 786 1322 831 me.
1356 771 1390 832 et

239 872 385 937 dominus
415 873 563 956 spiritum
593 874 732 938 Danielis
761 873 851 955 pueri
879 873 1038 938 castitatis
1067 873 1218 937 excitauit
1239 876 1387 939 ultorem.

173 988 214 1054 79
239 984 415 1063 coangusta
447 1000 520 1063 ergo
556 980 698 1059 uerbum,
732 983 769 1043 ut
800 980 968 1045 redhibitio
1003 980 1160 1054 creditori,
1189 1000 1251 1045 nou
1278 981 1390 1064 lingua

238 1086 436 1168 respondeat,
470 1088 539 1151 sine
573 1089 723 1172 mystice:
757 1092 932 1171 coangusta
964 1088 1107 1165 uerbum,
1141 1088 1201 1152 boc
1233 1090 1282 1151 est
1314 1107 1387 1153 con·
1422 1108 1435 1146 ι

239 1210 377 1269 summm
402 1194 557 1257 uerbum
582 1194 678 1258 enim
707 1212 972 1259 consummans
1001 1198 1039 1258 et
1064 1194 1243 1258 breuians
1271 1194 1389 1258 faciet

239 1298 411 1365 dominus
435 1319 549 1383 super
571 1304 719 1375 terram,
739 1302 800 1366 hoc
823 1305 874 1366 est
892 1320 927 1365 er
945 1302 1058 1365 multis
1081 1301 1255 1365 ratiociniis
1278 1300 1387 1364 adbre-

238 1407 323 1471 uiata
339 1408 398 1473 tibi
413 1426 538 1473 summa
562 1410 737 1473 conueniat.
755 1407 903 1473 deducito
916 1408 1002 1490 quod
1021 1408 1165 1490 expensis
1185 1407 1320 1472 diuersis
1338 1411 1389 1473 est
1452 1420 1474 1472 ι’

239 1518 413 1599 erogatum,
433 1518 470 1579 ut
493 1518 618 1581 saluum
641 1515 757 1580 habeas
782 1516 866 1596 quod
890 1514 1038 1599 supersit,
1059 1514 1217 1598 quomodo
1241 1514 1388 1580 dominus

239 1620 277 1685 de
300 1622 412 1687 multis
436 1622 724 1705 dispensationibus
748 1623 937 1687 ludaeorum
960 1642 997 1686 er
1019 1624 1122 1688 multo
1145 1623 1200 1687 illo
1224 1621 1387 1686 ratiocinio
1408 1643 1434 1681 ιι

239 1732 440 1809 peccatorum
465 1729 699 1795 consummanti
720 1730 847 1794 tandem
872 1732 967 1811 atque
989 1730 1159 1805 breuiauit,
1179 1733 1216 1793 ut
1238 1728 1389 1810 reliquiae

240 1834 347 1899 saluae
370 1836 481 1900 fierent
503 1856 559 1919 per
582 1836 768 1901 electionem
792 1836 914 1920 gratiae
938 1838 971 1901 et
988 1839 1191 1901 seruareutur
1209 1834 1249 1899 ad
1268 1853 1387 1909 semen,

238 1960 295 2024 per
317 1960 397 2023 quos
420 1941 662 2007 intermortuam
686 1962 773 2025 spem
800 1961 979 2027 synagogae
1002 1943 1216 2007 resuscitaret.
1297 1955 1308 1973 ·

103 2058 214 2141 21‚80
284 2045 386 2126 Quam
424 2046 563 2113 deforme
601 2054 659 2127 est,
693 2054 730 2114 ut
767 2069 823 2134 pro
861 2048 1015 2115 beneficio
1050 2049 1078 2113 ei
1112 2048 1166 2130 qui
1197 2053 1231 2113 te
1263 2048 1387 2113 adiuuit
1432 2058 1540 2112 elale

237 2154 390 2238 rependas
414 2156 609 2220 molestiam!
635 2174 708 2220 cum
731 2154 830 2220 istum
853 2154 1050 2218 fraudaueris
1074 2155 1126 2219 cui
1150 2154 1257 2231 debes,
1276 2160 1387 2237 postea
1407 2179 1431 2216 a

237 2262 434 2346 intempore
463 2263 664 2327 necessitatis
693 2264 767 2327 tuae
795 2282 856 2327 non
885 2261 1027 2326 inuenies
1060 2261 1258 2327 creditorem.
1291 2280 1386 2344 quam

239 2368 414 2453 indignum,
444 2371 480 2433 ut
508 2388 580 2433 curn
609 2368 733 2433 uictum
762 2371 855 2434 tuum
883 2372 1062 2434 sustentare
1090 2388 1151 2433 non
1181 2388 1289 2451 queas,
1313 2386 1386 2433 cum

239 2475 343 2540 adhuc
375 2476 454 2540 nihil
487 2476 611 2552 debeas,
644 2479 737 2559 putes
771 2476 856 2559 quod
889 2478 922 2541 et
952 2476 1075 2541 uictum
1102 2480 1195 2540 tuum
1222 2476 1328 2559 poesis
1355 2480 1387 2539 et

239 2580 381 2647 debitum
406 2582 573 2646 sustinere.
598 2585 670 2647 ante
694 2582 801 2667 cogita
822 2583 906 2646 unde
929 2582 1088 2647 dissoluas
1113 2587 1145 2669 et
1168 2583 1214 2647 sic
1237 2585 1386 2647 mutuum

239 2707 340 2753 sume.
365 2690 511 2753 ‘fructus‘
533 2689 637 2771 inquit
660 2695 818 2774 ‘agrorum
842 2690 956 2771 capio)
985 2688 1041 2752 sed
1065 2688 1120 2770 qui
1142 2708 1204 2754 non
1228 2688 1431 2753 abundanter

238 2794 312 2858 usui
340 2794 497 2876 quomodo
528 2795 732 2860 abundabunt
755 2796 909 2860 contracti
932 2794 1069 2860 faenoris
1092 2794 1307 2861 incremento?
1331 2794 1388 2861 sed

238 2902 474 2983 possessionem
498 2920 600 2967 meam
625 2902 739 2967 nendo.
764 2905 796 2967 et
819 2903 902 2967 unde
926 2902 1058 2981 tructus,
1084 2903 1200 2985 quibus
1224 2902 1323 2966 utaris
1347 2902 1386 2967 ad
1449 2910 1471 2967 c

240 3010 426 3089 sumptum?
465 3009 576 3074 laeuus
614 3028 674 3074 nou
712 3010 846 3091 pecunia
878 3028 937 3075 sua
968 3009 1115 3085 soluitur,
1149 3009 1206 3073 sed
1238 3012 1385 3094 augetur:

171 3127 212 3191 81
239 3115 432 3181 numerando
457 3120 663 3181 coaceruatur
685 3120 717 3181 et
740 3118 865 3182 erescit.
894 3116 1005 3181 deinde
1028 3135 1089 3181 uon
1114 3118 1236 3200 cogitas
1259 3115 1388 3181 humili·

240 3222 338 3285 tatem
367 3224 400 3286 et
427 3224 648 3288 uerecundiam
677 3224 892 3305 postulantis?
922 3224 1020 3289 donec
1052 3223 1200 3306 accipias,
1233 3222 1388 3287 oscularis
1405 3246 1431 3284 u

239 3346 350 3393 manus
379 3330 582 3395 faeneratoris
612 3330 749 3414 superbi,
778 3331 928 3395 humilias
952 3350 1065 3396 uocem
1087 3335 1187 3406 tuam,
1212 3350 1250 3395 ne
1275 3331 1388 3395 clarior

327 3546 344 3598 2
364 3547 423 3601 Sus.
442 3548 477 3601 43
496 3546 576 3617 (Dan.
598 3548 639 3613 13,
659 3548 705 3615 le)
761 3551 777 3603 6
796 3548 873 3606 Rom.
892 3550 918 3613 9,
938 3550 972 3603 28
1029 3549 1058 3602 11
1079 3548 1156 3603 Rom.
1176 3550 1202 3613 a,
1221 3549 1255 3602 27

276 3671 288 3723 1
309 3669 491 3739 imprudentia
514 3672 564 3725 TO
643 3672 659 3725 3
679 3671 794 3726 danielis
814 3677 838 3739 (s
856 3690 878 3727 a.
897 3678 936 3733 uh
956 3672 985 3727 P
1001 3672 1135 3727 danihelis
1153 3672 1215 3728 Du
1230 3673 1341 3728 danihel
1358 3672 1388 3726 B

276 3760 420 3813 suscitarit
434 3761 568 3814 castitatis
578 3762 611 3814 P‘
648 3763 665 3814 4
680 3764 712 3814 ut
726 3761 873 3815 redhibitio
888 3761 953 3816 Pet
968 3762 988 3828 (i
1004 3766 1061 3815 tert.
1076 3778 1098 3816 a.
1113 3764 1153 3826 u.)
1167 3762 1241 3816 But
1257 3761 1386 3816 redibitio

239 3846 332 3900 DP‘C
348 3852 437 3901 utrum
456 3848 589 3903 adhibitio
613 3848 640 3902 V
703 3853 719 3905 5
738 3852 844 3905 mistice
862 3850 916 3903 Po
985 3866 1114 3905 consume
1130 3850 1159 3905 P
1176 3867 1341 3905 comsumma
1364 3850 1390 3903 V

240 3938 444 3990 transumens
467 3936 494 3991 P
601 3939 763 3993 abbreuians
786 3938 815 3992 B
842 3939 1051 3993 adbrebiansT
1175 3940 1283 3994 iterra
1302 3940 1327 3993 Y
1344 3940 1367 4005 (‘

239 4040 293 4093 quo
311 4024 362 4077 hoc
382 4028 424 4077 est
438 4029 469 4078 ut
482 4026 514 4079 ia
527 4041 582 4080 roe.
598 4030 654 4093 m3)
761 4028 961 4081 abbreuiataB
982 4032 1010 4081 et
1027 4027 1165 4081 breuial'
1270 4028 1301 4081 ll
1322 4042 1385 4081 con·

240 4112 404 4165 somanitP
473 4116 563 4169 tamen
588 4114 614 4168 V
681 4115 806 4170 breuiaui
825 4116 853 4169 P
920 4117 952 4171 la
971 4117 1030 4187 per]
1051 4116 1127 4170 adB
1198 4114 1389 4185 sinagogacP

241 4202 273 4255 15
293 4202 432 4256 molestiae
458 4202 481 4255 V
558 4204 612 4273 cui]
633 4220 692 4257 cunr
715 4204 740 4257 Τ
802 4206 836 4258 22
856 4204 891 4258 ad
908 4208 1046 4274 sumptum
1065 4205 1144 4274 (hoec
1161 4206 1193 4258 in
1210 4221 1267 4258 raa.
1286 4206 1335 4258 md
1351 4203 1385 4270 T)

238 4290 323 4343 utaris
342 4290 399 4344 BT
451 4292 485 4346 23
505 4296 640 4361 sumptum
661 4296 688 4362 (p
707 4308 728 4346 a.
747 4296 786 4359 a.)
807 4294 866 4347 VP⁴
938 4293 1054 4348 soluitur
1073 4292 1169 4347 suaP
1224 4293 1259 4347 24
1278 4308 1385 4346 coacer-

238 4380 319 4440 batur
339 4383 365 4443 (v
383 4394 404 4435 a.
423 4380 452 4448 b)
477 4380 502 4433 V
553 4381 587 4435 26
607 4380 720 4451 superbe
740 4381 798 4435 BT
813 4382 929 4451 superbo
951 4382 975 4436 0
1044 4397 1094 4436 nec
1108 4382 1135 4435 B
1153 4388 1178 4435 et
1197 4384 1224 4450 (c
1242 4386 1314 4450 esp.)
1334 4380 1389 4433 Vr
