3100 4967
176 369 239 430 102
646 363 845 416 Ambrosii

175 560 291 643 quibus
328 560 444 624 famem
480 559 642 643 possimus
677 559 838 641 repellere.
880 577 971 622 nemo
1009 559 1205 642 paupertatis
1243 578 1319 624 suae

175 667 439 750 contemplatione
471 669 647 742 reuocetur,
680 685 772 730 nemo
807 667 954 729 uereotur
982 665 1035 747 qui
1064 672 1229 749 argentum
1257 686 1318 730 non

174 773 279 839 habet.
300 793 360 838 non
382 774 506 856 quaerit
525 772 671 838 Christus
691 775 867 856 argentum,
890 772 946 836 sed
964 772 1069 849 fidem,
1090 791 1170 854 quae
1190 777 1318 857 argento

173 880 343 961 pretiosior
372 884 430 944 est.
465 880 600 960 denique
632 880 710 943 emit
743 899 815 944 eum
848 879 973 956 Polme,
1007 879 1061 962 qui
1093 899 1154 944 non
1182 880 1320 944 habebat

174 991 349 1071 argentum.
367 989 561 1071 argentum
577 987 682 1068 inquit
698 991 734 1050 et
749 1005 878 1050 aurum
899 1005 968 1050 non
987 987 1116 1064 habeo,
1137 986 1202 1051 sod
1221 987 1318 1068 quod
1351 1014 1364 1051 ⁵

174 1094 294 1158 habeo
315 1095 359 1158 do
379 1093 462 1158 tibi.
481 1093 517 1156 in
539 1094 685 1158 nomine
703 1091 848 1158 Christi
864 1091 949 1156 lesu
970 1111 1081 1176 surge
1102 1095 1138 1158 et
1157 1093 1317 1157 ambula.

175 1206 207 1266 et
237 1201 391 1284 propheta
422 1201 533 1264 Esaias
567 1200 662 1264 dicit:
697 1200 761 1281 qui
795 1199 917 1263 sititis
951 1199 1003 1263 ite
1036 1199 1078 1262 ed
1114 1219 1244 1282 aquam
1283 1206 1318 1264 et

175 1309 403 1390 quicumque
430 1327 499 1371 non
528 1306 680 1370 habetis
705 1309 899 1389 argentum
924 1306 976 1370 ite
1002 1305 1113 1370 emite
1138 1311 1175 1369 et
1199 1307 1319 1371 bibite

174 1417 211 1479 et
237 1415 464 1479 manducate
493 1413 572 1478 sine
602 1417 758 1496 urgento
789 1414 970 1496 etpretio
995 1414 1083 1478 uini.
1109 1414 1318 1496 nequeenim

161 1510 310 1603 'pretium
335 1520 494 1603 quaesiuit
518 1540 536 1583 a
557 1520 649 1584 nobis
669 1521 722 1602 qui
741 1539 796 1601 pro
818 1519 909 1583 nobis
930 1519 1092 1604 sanguinis
1114 1521 1162 1583 sui
1183 1520 1319 1602 pretium
1339 1546 1365 1584 ιο

174 1629 283 1704 soluit,
316 1628 390 1710 quia
422 1647 481 1691 non
513 1646 588 1690 auro
618 1629 650 1690 et
678 1629 818 1709 argento,
849 1625 904 1690 sed
933 1627 1070 1708 pretioso
1100 1646 1157 1692 nos
1186 1627 1320 1692 redemit

174 1736 337 1819 sanguine.
368 1753 442 1818 ergo
471 1733 504 1796 id
529 1733 668 1814 pretium
698 1734 804 1810 debes,
835 1752 896 1816 quo
931 1737 1058 1815 emptus
1092 1754 1135 1800 ee.
1170 1735 1231 1798 etsi
1264 1734 1318 1798 ille

174 1863 234 1906 non
259 1861 383 1924 semper
406 1841 520 1924 erigat,
546 1845 581 1904 tu
605 1845 711 1905 tamen
736 1841 843 1908 debes.
868 1861 936 1905 eme
959 1841 1058 1925 igitur
1076 1841 1136 1905 tibi
1156 1841 1318 1906 Christum

173 1969 235 2014 non
265 1969 301 2013 eo
330 1949 415 2030 quod
442 1949 536 2031 pauci
565 1947 692 2026 hebent,
722 1947 776 2013 set
806 1967 842 2012 eo
872 1947 957 2030 quod
986 1965 1095 2012 omnes
1125 1949 1243 2013 habent
1264 1969 1320 2034 per

173 2060 329 2133 naturam,
362 2056 458 2137 pauci
491 2055 627 2120 offerunt
658 2075 713 2138 per
741 2055 897 2120 timorem.
928 2074 1022 2118 suum
1053 2061 1102 2120 est
1131 2057 1213 2138 quod
1243 2077 1261 2120 o
1288 2061 1319 2120 te
1339 2079 1364 2117 1⁵
1388 2068 1417 2124 C

174 2163 321 2228 Christus
344 2163 493 2244 reposcit.
518 2162 586 2245 ipse
605 2161 705 2225 uitam
725 2161 871 2226 omnibus
892 2160 989 2241 dedit,
1009 2163 1077 2244 ipse
1097 2182 1152 2245 pro
1174 2164 1319 2228 omnibus

173 2273 307 2334 mortem
337 2289 428 2332 suem
457 2269 584 2350 optulit.
614 2270 704 2334 solue
731 2289 786 2351 pro
816 2271 943 2333 auctore
972 2270 1057 2350 qnod
1090 2270 1253 2334 soluturus
1287 2291 1319 2334 es

173 2377 255 2457 lege.
280 2394 339 2439 non
363 2375 532 2440 mediocris
556 2375 618 2440 iste
643 2377 824 2439 contractus
844 2379 903 2452 est,
923 2395 983 2440 non
1005 2396 1114 2440 omnes
1135 2397 1206 2440 eum
1227 2377 1320 2442 fenile

174 2482 293 2546 uident.
332 2482 465 2564 (lenique
503 2482 578 2546 illae
616 2482 755 2566 uirgines
794 2482 823 2545 in
863 2483 1039 2566 euangelio,
1078 2503 1156 2566 quos
1189 2483 1319 2548 ueniens

175 2608 313 2671 sponsus
338 2589 482 2666 exclusit,
506 2589 577 2653 ideo
601 2589 679 2654 forie
702 2589 831 2653 relictae
857 2593 941 2664 sunt,
972 2591 1046 2672 quia
1073 2590 1185 2654 uenale
1215 2590 1320 2654 oleum
1338 2612 1364 2650 eo

174 2715 236 2760 nou
260 2700 414 2761 emerunt.
440 2695 523 2760 unde
553 2696 670 2760 dicitur
697 2697 767 2760 his:
797 2697 850 2760 ite
880 2695 1009 2779 potius
1039 2697 1081 2761 ad
1110 2697 1318 2762 uendentes

175 2806 211 2864 et
236 2802 348 2867 emite
374 2803 493 2866 uobis.
518 2807 551 2866 et
574 2803 753 2887 negotiator
775 2823 835 2866 non
861 2803 1006 2868 inmerito
1030 2802 1240 2887 praedicatur,
1265 2803 1319 2886 qui
1383 2807 1412 2862 D

174 2909 319 2972 uendidit
343 2910 447 2973 omnio
471 2929 530 2974 sua
553 2913 586 2973 et
607 2911 686 2974 emit
708 2910 922 2994 margaritam.

76 3025 163 3107 8,43
219 3017 264 3080 tt
292 3017 403 3081 Iacob
434 3016 530 3080 dixit
558 3017 658 3081 liliis
688 3018 788 3083 suis:
819 3034 932 3098 quare
961 3015 1060 3100 pigri
1085 3017 1207 3082 estis?
1232 3035 1318 3080 eooe

263 3242 483 3303 31Petr.1‚7
539 3239 716 3302 otetur
768 3239 972 3302 ursatum
1027 3240 1319 3313 llIPetr.l,18sq.

177 3331 326 3386 rumaren.
346 3331 389 3391 25,
411 3331 443 3384 10
517 3330 549 3382 21
570 3329 668 3382 tratti.
688 3331 768 3391 ⁶25,9
843 3329 877 3381 22
896 3327 993 3382 Matth.
1015 3329 1057 3392 13,
1076 3331 1111 3384 46
1198 3329 1318 3384 24Gen.

174 3424 218 3482 42,
241 3423 252 3473 l
273 3438 313 3490 sq.

210 3546 227 3598 2
247 3543 310 3612 quia
332 3543 354 3593 (l
409 3545 424 3596 3
445 3543 584 3611 quaeritur
603 3541 665 3595 Chr.
685 3546 808 3610 argento,
828 3541 875 3595 sed
894 3540 946 3594 nde
959 3541 993 3594 N
1039 3542 1056 3594 4
1075 3557 1135 3594 euin
1149 3541 1247 3609 tempsi
1261 3559 1318 3595 earn

176 3633 255 3700 libra·
273 3633 308 3699 cf.
327 3648 354 3684 u.
375 3635 410 3684 13
500 3633 517 3685 6
539 3619 592 3684 ffiu
610 3619 664 3699 {pi
679 3632 715 3696 N,
738 3631 813 3700 quod
826 3629 1042 3699 praeferendum
1061 3647 1116 3684 osse
1129 3635 1199 3699 puto
1221 3629 1318 3700 (Ἰησοῦ

175 3720 299 3790 Χριστοῦ)
373 3737 452 3789 surge
471 3720 498 3772 Β
518 3723 542 3785 (r
559 3737 581 3774 o.
599 3725 639 3784 u.)
713 3720 855 3789 lproleto
873 3719 959 3772 eseias
976 3718 1004 3770 Β
1086 3719 1170 3771 sititis
1188 3718 1216 3770 Β
1234 3718 1268 3789 (is
1288 3735 1320 3771 esc

176 3811 215 3879 es)
264 3808 408 3862 Shabctis
427 3810 455 3862 Β
475 3810 508 3874 (is
528 3826 560 3862 eu
579 3810 618 3877 es)
679 3809 828 3878 {tergente
848 3807 874 3859 Β
894 3813 922 3872 (n
940 3825 960 3861 e.
981 3807 1020 3877 u.)
1081 3808 1114 3861 12
1132 3823 1171 3875 sq.
1191 3805 1273 3860 debes
1292 3807 1318 3860 B

175 3900 215 3968 (es
234 3914 267 3951 ex
284 3898 319 3957 iel
394 3899 428 3951 14
447 3913 539 3951 omnes
558 3897 669 3951 habent.
690 3914 782 3951 omnes
801 3895 904 3950 liabent
922 3895 954 3949 N
970 3896 1017 3950 sed
1033 3939 1038 3949 .
1055 3939 1061 3952 .
1078 3937 1084 3950 .
1099 3895 1203 3949 habent
1221 3913 1271 3950 om.
1296 3894 1321 3942 V

176 3990 209 4041 15
229 3987 344 4040 offerent-
362 3987 467 4040 PP¹P¹¹
539 3992 606 4054 post
624 3985 747 4038 timorem
769 3986 835 4038 add.
856 3983 926 4036 eninr
944 3983 972 4036 P
989 3984 1031 4054 (tu
1048 4000 1099 4088 pap.
1119 3987 1174 4048 2222]
1198 3983 1223 4036 Τ
1240 3988 1272 4050 (o.
1291 4001 1318 4036 u.

174 4107 231 4170 2222)
252 4102 282 4157 D
355 4105 387 4157 17
407 4102 553 4156 obtulitP
625 4099 893 4168 soluoP(eeoit)
951 4100 984 4154 18
1002 4100 1111 4170 legeB
1184 4101 1217 4154 19
1236 4117 1317 4153 euan-

174 4191 277 4260 gelium
296 4191 323 4243 B
343 4192 393 4256 (-io
413 4207 481 4244 corr.
500 4195 553 4256 ml)
573 4189 617 4243 P'¹
672 4190 704 4243 21
724 4190 768 4243 lris
788 4188 869 4242 llDO
888 4188 926 4240 eis
945 4187 1005 4240 NV
1051 4189 1086 4243 23
1105 4189 1279 4258 margaritam
1294 4187 1320 4240 P

176 4281 247 4345 (ier
266 4297 280 4333 e
299 4283 356 4345 m2)
438 4280 473 4333 24
492 4279 560 4333 dixit
582 4277 719 4333 Conteritur
737 4277 804 4330 uicit
825 4277 889 4331 libri
961 4277 1016 4330 ouis
1035 4277 1097 4330 filiis
1116 4276 1150 4333 91¹
