3100 4967
621 445 838 503 Praelatio.
1130 451 1303 517 XXXXIII

194 642 239 704 Ex
263 642 314 705 his
339 658 420 722 quae
439 639 532 705 modo
553 638 791 722 disputauimus
811 641 956 722 seqnitur
974 642 1005 705 in
1025 661 1063 707 ea
1080 642 1181 707 libelli
1200 648 1300 725 parte,

149 768 231 829 quas
263 748 296 811 in
324 746 351 811 P
383 745 544 811 intercidit
565 782 610 793 -
633 764 705 811 nam
738 747 815 829 quin
842 746 879 825 P,
904 748 960 812 ubi
994 768 1028 813 se
1062 748 1175 813 dncem
1208 750 1300 817 nobis

149 856 251 932 offert,
271 874 356 919 unus
380 853 606 935 respiciendus,
631 854 738 931 aeteri,
767 854 823 937 qui
850 855 929 920 nihil
951 855 1017 920 fere
1040 855 1081 920 ad
1102 856 1149 921 rei
1172 858 1301 923 criticae

148 980 246 1027 usum
279 960 453 1035 conferunt,
487 958 675 1043 neglegendi
709 959 784 1036 sint,
818 979 910 1025 nemo
947 963 1026 1042 puto
1063 961 1223 1027 dubitabit
1257 1000 1299 1009 -

146 1067 270 1150 priores
302 1068 410 1149 partes
442 1066 532 1130 libris
565 1064 685 1131 P‘llL'I
718 1066 902 1131 tribuendas
936 1086 1016 1145 esse,
1048 1068 1095 1133 ita
1126 1071 1230 1133 tamen
1263 1073 1301 1133 ut

148 1173 247 1239 ceteri
275 1192 337 1237 non
366 1172 458 1255 plane
487 1170 675 1237 abiciantur.
704 1174 800 1252 atque
823 1172 855 1237 in
878 1173 989 1255 primis
1014 1173 1178 1239 aimanos
1202 1174 1301 1239 altera

147 1280 179 1345 in
198 1280 227 1345 B
247 1298 319 1344 cum
341 1278 390 1341 bis
409 1277 496 1355 iacit,
517 1278 609 1361 quasi
627 1281 789 1342 momento
810 1276 917 1342 addito
936 1278 1006 1343 lanx
1025 1279 1057 1343 in
1076 1278 1157 1344 hanc
1176 1283 1298 1361 partem

146 1404 280 1470 uergere
313 1385 455 1461 uidetur;
489 1384 529 1449 cf.
562 1385 638 1461 469,
669 1386 703 1461 ὃς
737 1385 813 1462 479,
845 1386 900 1459 12;
934 1385 1010 1458 471,
1042 1386 1096 1459 16;
1130 1387 1207 1462 473,
1243 1387 1297 1461 12;

147 1494 225 1571 474,
253 1494 305 1557 13.
334 1510 434 1575 neque
462 1492 569 1555 minus
596 1490 687 1556 libris
716 1491 782 1555 illis
808 1490 934 1574 pondus
961 1477 1112 1570 adfertur,
1135 1492 1164 1555 si
1191 1510 1298 1557 earum

144 1601 302 1665 lectiones
326 1600 470 1666 codicum
494 1602 550 1663 aut
568 1599 623 1664 RB
648 1602 703 1663 aut
722 1598 829 1665 OB'N⁴
854 1598 1043 1663 auctoritate
1066 1598 1298 1663 confirmantur.

146 1706 209 1771 hoc
233 1704 334 1789 igitur
356 1703 561 1769 fundamento
589 1703 694 1787 posito
722 1706 845 1768 textum
872 1702 904 1767 in
928 1722 966 1766 ea
988 1702 1089 1767 libelli
1113 1708 1202 1786 parte
1226 1721 1298 1767 con-

147 1812 283 1877 stituere
309 1814 441 1875 conatus
466 1829 548 1875 sum.
574 1830 670 1894 quam
694 1810 733 1875 ob
757 1830 824 1875 rem
848 1809 906 1874 has
935 1830 953 1873 a
980 1829 1031 1874 me
1054 1813 1196 1893 receptas
1229 1828 1300 1874 esse

144 1918 302 1985 lectiones
326 1916 467 1982 uidebis:
491 1918 566 1993 469,
593 1918 610 1980 7
636 1916 764 1994 occidat,
792 1918 832 1980 14
856 1917 933 1997 quia
956 1918 1024 1994 etsi,
1049 1917 1124 1994 470,
1152 1918 1167 1979 1
1192 1915 1298 1979 aladi-

144 2024 338 2105 4414444744,
353 2026 428 2097 471,
446 2026 463 2087 7
479 2024 646 2105 cupiditas,
662 2024 736 2101 473,
754 2024 771 2087 7
787 2044 850 2087 aaa
863 2022 975 2087 babent
991 2023 1083 2100 caira,
1102 2024 1141 2087 17
1156 2022 1235 2085 mibi
1248 2022 1292 2085 ia·

145 2132 225 2213 quii,
250 2132 327 2208 477,
352 2132 372 2194 4
396 2130 425 2193 ei
447 2150 550 2205 44444,
575 2132 651 2208 479,
679 2132 718 2195 13
741 2130 849 2211 latiur.
868 2132 970 2194 restat
986 2129 1076 2195 locus
1097 2129 1172 2206 474,
1193 2131 1213 2193 2
1235 2146 1297 2212 quo

144 2258 255 2305 eorum
276 2256 357 2321 qnae
376 2256 473 2321 snpra
491 2238 590 2302 statui
608 2256 731 2302 memor
750 2237 940 2318 scripturam
959 2256 1048 2317 44444
1065 2236 1165 2315 pallei
1182 2237 1300 2299 diuites

143 2346 235 2410 erotis
257 2344 421 2425 defendere
444 2344 601 2408 crraamr'ai
624 2364 660 2408 ex
683 2343 913 2409 P⁴DLTCB¹N¹
926 2343 950 2427 ¹)
976 2343 1092 2426 recepi.
1115 2342 1145 2406 R
1167 2345 1200 2407 et
1222 2340 1297 2407 Uin-

144 2452 338 2518 dobonensis
366 2450 516 2533 praebent
548 2450 700 2527 obtinetis,
734 2469 795 2515 non
826 2450 933 2532 inepte
966 2468 1050 2527 sans,
1084 2448 1112 2512 si
1144 2467 1294 2532 praeseus

143 2557 231 2640 quod
255 2561 390 2623 uocatur
413 2556 451 2621 de
474 2561 590 2625 conatu
615 2577 685 2623 esse
709 2558 841 2639 statuis;
865 2557 951 2623 idem
971 2561 1056 2623 extat
1074 2556 1105 2621 in
1125 2557 1163 2633 B,
1182 2556 1214 2621 in
1234 2575 1298 2638 quo

143 2682 242 2747 44444
265 2683 361 2728 manu
386 2664 484 2729 altera
507 2686 569 2727 aon
592 2665 750 2745 occupatis
774 2664 935 2729 adiectum
958 2666 1017 2741 est,
1043 2682 1145 2745 neque
1168 2662 1228 2728 hoc
1251 2662 1291 2727 in·

143 2774 229 2854 epte,
255 2769 312 2835 sed
335 2770 381 2835 eis
406 2789 486 2853 quae
515 2775 691 2854 sequuntur
719 2790 780 2835 non
806 2771 1039 2836 conuenienter.
1062 2770 1094 2833 in
1117 2770 1297 2835 Maznrineo

144 2876 283 2960 denique
307 2878 466 2958 occupatis
489 2878 617 2962 legitur.
644 2878 758 2961 quodsi
780 2877 877 2942 lectio
902 2897 996 2961 quam
1020 2876 1125 2959 recepi
1143 2894 1219 2940 nera
1236 2878 1297 2949 est,

144 2987 288 3049 statuere
322 3003 380 3048 nos
414 2988 537 3067 oportet
569 2986 602 3050 in
635 2986 806 3067 archetypo
839 2986 992 3051 librorum
1015 2984 1070 3048 RB
1099 2983 1177 3046 haec
1199 2981 1298 3046 uerba

141 3090 348 3155 intercidisse
376 3095 409 3155 et
434 3091 579 3157 lacunam
609 3092 696 3157 uario
726 3091 820 3158 modo
851 3092 1008 3175 expletam
1036 3108 1117 3155 esse.
1142 3107 1222 3171 quae
1245 3106 1296 3155 res

142 3197 243 3263 simul
277 3196 317 3261 ad
351 3197 503 3281 originem
536 3198 709 3280 scrIpturao
739 3217 818 3283 quae
848 3199 880 3262 in
905 3198 932 3261 V
961 3199 1048 3261 extat
1075 3193 1296 3260 illustrandam

141 3303 286 3369 conferre
306 3302 443 3369 uidetur.
464 3304 555 3369 cuius
575 3305 606 3368 in
626 3304 797 3388 archetypo
817 3323 891 3370 cnm
908 3303 1023 3369 launna
1037 3306 1133 3377 esset,
1147 3300 1296 3366 librarius

140 3408 287 3475 codicem
312 3409 444 3475 alterius
469 3411 593 3495 generis
618 3415 752 3476 nanctus
775 3411 874 3476 uerba
896 3410 952 3475 illa
975 3409 1119 3474 inseruit.

185 3514 328 3581 Maurini
355 3519 479 3598 praeter
506 3515 690 3581 Panem*
719 3520 752 3581 et
774 3516 971 3581 Parisiacum
998 3516 1083 3579 1728
1113 3513 1293 3597 complures

136 3623 243 3689 libros
263 3621 477 3687 adhibuerunt
495 3623 622 3689 4444414
642 3624 703 3687 XII
721 3642 782 3689 non
802 3623 1007 3705 antiquiores,
1027 3621 1180 3705 quosdam
1200 3619 1295 3684 etiarn

138 3728 348 3804 recentiores,
378 3748 457 3811 quos
486 3732 541 3795 ant
566 3730 686 3794 frustra
713 3730 859 3813 quaesiui
887 3732 952 3807 ant,
980 3749 1052 3794 oum
1080 3728 1160 3793 nihil
1187 3746 1224 3791 ex
1247 3726 1293 3790 eis

138 3836 181 3901 ad
206 3855 272 3900 rem
294 3835 436 3900 criticam
457 3835 738 3901 administrandam
757 3836 822 3920 peti
843 3836 1034 3919 possemihi
1052 3834 1295 3917 persuasissem,

138 3942 293 4008 consulto
327 3942 460 4026 neglexi.
493 3942 700 4007 Nouariensis
731 3943 865 4007 XLVIII
898 3942 969 4027 (20)
999 3940 1212 4007 aBallerinio
1246 3959 1294 4004 en-

137 4067 261 4114 444444
294 4048 480 4131 plerumque
514 4068 585 4114 cum
610 4050 638 4114 Il
663 4049 830 4117 consentit.
864 4069 900 4114 ex
926 4049 1087 4135 tugiensi
1111 4048 1206 4113 CLVI
1229 4045 1295 4132 (a)

136 4159 199 4221 aut
223 4154 323 4219 simili
349 4155 457 4220 codice
483 4156 682 4221 Amerbachii
705 4156 802 4223 editio
826 4156 978 4222 manauit.

185 4375 209 4440 ¹)
228 4373 260 4425 in
280 4371 303 4425 l*
321 4388 372 4427 aas
390 4376 453 4444 post
471 4389 548 4441 pacm
567 4373 697 4427 insertum
718 4376 767 4428 est.
