3100 4967
220 428 282 490 144
693 420 889 475 Ambrosii

214 623 256 683 et
279 618 382 683 nihil
406 618 653 681 inuenerunt
677 635 813 680 ornnes
837 614 919 679 uiri
939 614 1195 681 diuitiarum.
1216 616 1273 680 sod
1293 619 1368 679 suut

214 730 248 790 ot
277 726 401 807 equites
430 724 632 799 dounientes,
667 723 704 787 de
738 723 854 804 quibus
889 721 1044 803 seriptum
1077 724 1145 784 est:
1181 721 1367 786 dormita-

218 836 366 895 uerunt
390 830 458 912 qui
483 830 758 893 ascenderunt
783 848 918 909 equos.
943 829 971 892 si
991 828 1125 893 auaritia
1143 831 1255 910 pestus
1275 830 1367 891 tuum

217 940 372 1011 indueret,
403 938 431 1001 si
457 936 557 1000 libido
586 934 770 1009 inflammet,
801 934 919 998 dormis
948 954 1056 1017 eques,
1087 939 1118 999 et
1145 934 1218 999 ideo
1251 952 1367 1018 eorpus

216 1050 319 1119 tuum,
346 1045 406 1108 hoo
431 1047 482 1109 est
505 1064 622 1126 equum
646 1048 739 1108 tuum
764 1065 825 1108 non
849 1047 940 1127 potes
964 1046 1130 1111 refrenare.
1155 1046 1258 1130 uigila
1281 1065 1366 1130 ergo,
1398 1069 1411 1105 a

217 1157 253 1215 ut
290 1152 416 1216 etiamsi
458 1150 600 1215 deiectus
642 1151 756 1229 fueris,
796 1152 857 1215 boe
894 1157 944 1217 est
979 1158 1125 1217 mortuus
1164 1154 1272 1227 fueris,
1305 1172 1366 1219 non

214 1259 407 1323 obdormias.
428 1258 482 1339 qui
502 1258 585 1321 enim
601 1256 803 1322 obdormiunt
818 1276 965 1323 somnum
979 1278 1074 1323 suum
1088 1259 1166 1322 nihil
1181 1259 1364 1330 inueniunt:

216 1370 251 1431 tu
285 1369 391 1430 autem
426 1370 556 1448 enpeete
589 1365 725 1428 salutem
756 1383 774 1427 a
803 1365 941 1443 domiuo,
970 1371 1140 1429 uenturam
1166 1366 1300 1449 respice,
1328 1370 1366 1430 ut
1435 1375 1456 1427 E

216 1473 350 1556 gratiam
391 1470 634 1536 resurrectionis
668 1470 823 1535 inuenies.
862 1471 1038 1537 dormiebat
1075 1473 1191 1537 ludas:
1229 1472 1364 1555 denique

216 1580 313 1644 uerba
351 1578 470 1644 Christi
506 1597 567 1642 nou
606 1578 763 1642 audiebat.
808 1578 984 1643 dormiebat
1024 1580 1120 1645 ludas
1163 1584 1196 1643 et
1236 1579 1363 1661 quidem
1388 1605 1412 1643 ιο

216 1705 361 1750 somnum
393 1684 588 1761 diuitiarum,
619 1686 674 1766 qui
702 1684 880 1749 mercedem
908 1685 946 1749 de
974 1687 1151 1769 proditione
1185 1686 1365 1768 quaerebat.

217 1790 298 1855 uidit
321 1810 393 1855 eum
418 1791 626 1855 dormientem
650 1791 796 1855 diabolus
821 1795 853 1855 et
876 1810 1064 1875 oppressum
1083 1794 1235 1857 auaritiae
1255 1812 1365 1857 somno

217 1898 324 1982 graui:
341 1899 431 1962 misit
451 1918 484 1963 se
503 1898 534 1962 iu
556 1918 609 1963 cor
629 1899 708 1973 eius,
728 1900 911 1963 uulnerauit
930 1918 1057 1982 equum,
1079 1900 1193 1963 deiecit
1212 1899 1364 1981 equitem,

157 2011 205 2073 34
217 2024 309 2086 quern
326 2006 486 2087 separauit
501 2025 518 2067 a
536 2004 672 2071 Christo.
689 2006 768 2069 bane
783 2006 902 2069 tribum
916 2006 1077 2070 benedixit
1089 2006 1219 2089 Moyses
1239 2006 1364 2069 diceus:

215 2112 297 2175 Dan
323 2112 487 2175 catulus
513 2112 646 2177 leonis
671 2116 711 2177 et
734 2112 917 2196 effugiet
939 2132 982 2177 en
1004 2114 1146 2189 Bassa,
1171 2112 1231 2176 boo
1255 2116 1305 2176 est
1328 2131 1364 2175 er
1384 2122 1455 2180 ieF

217 2220 412 2283 confusione.
432 2219 514 2282 unde
531 2218 703 2283 seeundum
716 2217 874 2283 Graecum
889 2219 991 2301 magis
1006 2219 1191 2301 intellegere
1201 2219 1364 2295 debemus,

216 2346 251 2389 er
282 2346 343 2407 quo
373 2326 506 2389 Latinus
536 2326 711 2403 transtulit,
741 2326 826 2407 quod
854 2326 924 2389 Dan
946 2326 1016 2407 ipse
1039 2324 1145 2389 faetus
1169 2324 1214 2389 sit
1236 2343 1364 2406 serpens

218 2434 246 2496 in
281 2434 334 2495 uia
367 2432 490 2497 sedens.
525 2432 592 2496 Dan
630 2432 784 2497 iudioium
821 2434 1052 2513 iuterpretatur,
1091 2437 1123 2495 et
1159 2432 1230 2495 ideo
1267 2450 1364 2514 graue

217 2539 393 2621 perieulum
431 2539 540 2602 iudicii
578 2540 680 2603 tribus
716 2539 781 2602 ista
817 2537 927 2615 subiit,
965 2538 1015 2601 eui
1054 2556 1184 2619 serpens
1220 2536 1365 2619 inlapsus

216 2646 422 2710 antichristus
456 2648 516 2722 est,
551 2646 605 2727 qui
639 2647 817 2710 currentem
850 2644 918 2709 suis
952 2644 1110 2709 sauciaret
1137 2644 1279 2707 uenenis.
1307 2643 1363 2707 sed
1383 2674 1410 2711 ω

215 2757 320 2818 tamen
345 2753 415 2835 ipse
433 2752 535 2817 tribus
555 2753 742 2817 liberabitur
761 2772 779 2814 a
798 2752 992 2827 confusione,
1012 2770 1085 2815 oum
1103 2750 1201 2815 fuerit
1220 2751 1364 2815 consessa

216 2860 357 2942 equitem
382 2864 612 2942 resurgentem,
637 2858 692 2940 qui
716 2860 779 2922 ait:
813 2859 880 2939 qui
908 2878 964 2922 me
1003 2858 1197 2923 confusus
1234 2857 1364 2922 fuerit

304 3050 585 3105 assumuxxvr
638 3051 851 3113 rruatthao,
874 3054 906 3105 15
959 3053 991 3105 13
1010 3051 1076 3108 Luc.
1096 3052 1175 3116 223
1229 3054 1261 3106 15
1279 3049 1363 3103 Dent.

210 3140 257 3197 33.
277 3142 311 3193 22
387 3140 418 3193 16
435 3140 469 3194 ci.
490 3138 621 3209 Origenes
639 3139 692 3193 XII
712 3139 884 3194 1509AM.
979 3142 1011 3194 18
1029 3141 1109 3194 Philo
1128 3140 1214 3210 Legg.
1234 3140 1316 3209 alleg.
1334 3138 1363 3192 11

212 3231 247 3283 24
269 3228 293 3293 (Ι
312 3228 355 3281 84.
376 3228 405 3296 8)
424 3227 457 3280 de
478 3228 536 3295 agri
556 3227 620 3283 enit.
640 3228 672 3281 21
695 3228 719 3293 (Ι
742 3227 803 3291 314,
828 3230 873 3293 52)
898 3228 931 3281 de
955 3229 1066 3283 somniis
1089 3228 1118 3282 ΙΙ
1141 3231 1157 3282 5
1181 3228 1206 3293 (Ι
1229 3228 1292 3291 663,
1315 3226 1362 3296 40)

211 3318 248 3370 22
267 3317 365 3371 llatth.
389 3317 429 3372 10.
448 3318 482 3371 33
504 3321 531 3369 et
550 3318 583 3371 32

251 3441 262 3493 1
285 3440 441 3493 diuitiarum
457 3456 564 3493 suarum
580 3440 669 3493 Por*
707 3442 723 3493 l
738 3440 888 3494 inflammet
900 3442 927 3494 B
942 3446 978 3505 (m
989 3458 1035 3509 pr.
1049 3458 1071 3496 s.
1086 3447 1127 3508 u.)
1167 3444 1200 3496 14
1215 3441 1321 3499 dimone
1335 3441 1363 3494 P

214 3528 246 3581 19
265 3528 358 3581 iudicii
379 3528 525 3597 periculum
545 3528 605 3581 ND
686 3530 720 3582 22
739 3546 795 3597 sqq.
814 3530 883 3583 naec
900 3532 986 3583 uerba
1005 3530 1096 3583 eodem
1114 3546 1167 3598 quo
1187 3531 1264 3599 apud
1282 3530 1360 3584 Mat·

209 3617 321 3670 thaeum
340 3621 387 3680 22,
407 3622 442 3671 17
460 3634 498 3685 sq.
519 3618 615 3670 ordine
634 3618 761 3687 legantur
780 3618 811 3670 ia
829 3619 859 3671 N
865 3618 930 3672 VD:
950 3620 996 3687 qui
1016 3636 1058 3672 me
1078 3619 1217 3673 confessas
1236 3620 1319 3673 fuerit
1337 3638 1359 3675 e.

213 3706 238 3758 b.
259 3706 408 3758 confitebor
427 3711 454 3759 et
474 3724 524 3775 ego
537 3750 542 3761 .
555 3750 559 3760 .
572 3750 577 3759 .
590 3707 636 3775 qui
657 3710 697 3759 est
717 3706 744 3759 iu
765 3706 847 3760 caelis
868 3708 905 3772 (in
926 3709 1008 3761 caelia
1029 3713 1071 3760 est
1088 3708 1183 3777 Da).
1204 3710 1249 3779 qui
1268 3713 1359 3763 eutem

212 3812 254 3847 me
275 3794 400 3849 confusus
421 3802 484 3861 (non
504 3796 641 3849 consessus
661 3796 729 3862 ΒΤ)
747 3796 832 3850 luerit
850 3814 871 3851 o.
891 3796 918 3851 h.
938 3796 1100 3850 contundam
1119 3802 1148 3850 et
1166 3801 1207 3863 (et
1224 3798 1358 3851 om.DT1

212 3884 356 3953 ego...iu
377 3885 458 3939 caelis
483 3889 525 3937 est
548 3886 601 3956 (ast
625 3886 654 3938 in
677 3886 759 3939 eaelis
784 3886 832 3951 V),
860 3887 947 3940 umba
976 3885 1021 3954 qui
1047 3890 1138 3940 autem
1163 3902 1206 3940 me
1232 3888 1358 3941 confusus

214 3974 347 4027 ...caelis
368 3978 409 4027 est
429 3976 470 4028 ‘id‘
489 3976 520 4027 in
539 3992 589 4043 mg.
608 3978 663 4034 νηί).
683 3982 782 4029 contra
795 3976 827 4028 in
845 3976 873 4027 B
896 3975 993 4029 ordine
1015 3977 1140 4029 trisemo:
1163 3977 1209 4044 qui
1231 3993 1275 4029 me
1294 3994 1357 4030 eon·

212 4062 287 4115 lusus
308 4062 389 4115 fuerit
408 4078 430 4117 e.
450 4064 477 4117 h.
498 4064 658 4117 eortiundam
680 4068 708 4117 et
727 4080 777 4133 ego
790 4109 794 4117 .
807 4106 813 4117 .
825 4109 829 4119 .
841 4064 869 4117 in
889 4064 971 4118 caelis
990 4069 1039 4118 est.
1056 4065 1102 4133 qui
1122 4069 1212 4117 aretem
1232 4082 1275 4117 me
1294 4080 1357 4119 cou-

213 4152 299 4204 lessus
319 4152 402 4205 luerit
416 4169 437 4205 c.
451 4152 477 4205 h.
499 4153 648 4206 confitebor
667 4160 694 4205 et
714 4170 765 4221 ego
777 4196 783 4207 .
795 4154 858 4207 ..in
878 4154 960 4206 «aelia
981 4157 1031 4208 est.
1050 4154 1082 4205 in
1100 4155 1125 4205 P
1143 4154 1231 4208 uerba
1249 4156 1296 4222 qui
1313 4170 1356 4207 me

212 4242 338 4295 confusus
362 4242 444 4294 luerit
468 4241 556 4305 (lusus
579 4241 662 4295 suerit
684 4243 715 4295 e'n
737 4258 793 4295 ras.
813 4244 871 4306 m2)
896 4258 918 4295 o.
937 4242 963 4295 b.
988 4242 1296 4297 confundam...oaelis
1315 4251 1357 4297 est

209 4330 242 4382 a‘n
262 4348 310 4400 mg.
329 4332 381 4399 ias.
406 4331 549 4399 (adscripta
571 4336 636 4384 sunt
658 4338 707 4385 arel.
727 4349 758 4383 m
775 4332 810 4383 P‘
829 4332 923 4385 celeria
940 4332 1047 4385 animm
1065 4331 1132 4385 boec
1151 4332 1290 4401 leguntur:
1309 4334 1355 4403 qui
