3100 4967
574 468 791 524 Praelatio.
1134 466 1260 530 XVIIII

125 672 154 733 3
182 673 215 733 a
242 669 319 745 333,
348 668 415 746 aar,
446 668 553 729 conca
579 662 640 727 rur.
669 663 778 747 nerag.
799 663 815 726 r
840 663 869 739 3,
896 662 938 724 ro
966 660 1054 739 (aar,
1081 658 1147 743 rap,
1172 659 1202 722 rr
1227 660 1257 734 r,

125 778 156 840 ao
178 776 268 861 (338,
296 773 338 859 3).

156 884 290 947 Restant
328 878 429 944 libelli
465 881 541 955 tres,
576 876 630 959 331
667 874 778 939 eodem
811 874 944 939 consilio
978 873 1088 956 scripti
1115 910 1160 919 -
1186 892 1257 937 nam

125 988 213 1073 magis
237 987 276 1053 ad
300 1004 424 1051 morum
449 982 700 1049 emendationem
724 1000 820 1065 quam
844 981 883 1045 ad
902 981 1055 1046 librorum
1079 980 1258 1045 diuinorum

127 1096 355 1179 explicationem
379 1094 525 1176 spectant
548 1093 643 1173 atque
668 1090 706 1155 ob
732 1108 800 1153 eam
824 1108 890 1153 rem
912 1088 997 1153 irlem
1020 1089 1085 1152 lere
1109 1088 1259 1152 orationis

128 1221 211 1267 sonus
240 1204 272 1265 et
302 1200 396 1263 stilus
424 1198 456 1262 in
481 1197 627 1261 omnibus
653 1196 911 1279 conspicitur-
936 1194 1099 1259 adfinitate
1124 1194 1259 1277 quadam

128 1308 196 1373 inter
220 1327 253 1372 se
277 1306 386 1372 conexi
410 1307 494 1369 sunt.
518 1303 640 1367 33333111
665 1302 748 1386 3336
772 1303 804 1366 13
829 1303 875 1367 313
903 1302 1050 1367 omnibus
1080 1321 1117 1365 err
1144 1320 1261 1365 sermo·

128 1415 208 1479 nibus
232 1412 426 1478 concinnatis
446 1410 634 1475 Ambrosius
655 1430 679 1474 s.
699 1410 813 1475 Basilii
831 1409 979 1474 homili3s
999 1409 1031 1472 in
1050 1428 1146 1472 usum
1166 1426 1261 1471 suum

32 1598 33 1601 Ἴ
130 1522 273 1585 conuertit
304 1521 359 1596 ita,
393 1522 430 1583 31
462 1522 494 1581 31
526 1516 698 1582 3331331133
732 1516 940 1601 grauIssimas
973 1521 1006 1579 et
1037 1514 1149 1578 multis
1181 1515 1262 1580 locis

131 1647 225 1693 aarum
249 1624 514 1691 conformationes
539 1624 754 1705 orationisque
779 1627 961 1687 ornamenta
984 1626 1016 1686 et
1035 1623 1171 1687 colorem
1189 1622 1262 1687 inde

131 1736 326 1797 nrntuaretur.
351 1734 446 1813 atque
469 1732 501 1795 in
521 1730 719 1795 sermonibus
744 1727 789 1793 de
806 1728 927 1794 Helia
950 1733 989 1794 et
1011 1728 1166 1794 ieiunio
1191 1748 1262 1795 con-

131 1838 289 1903 scribendis
313 1842 379 1902 tres
398 1836 510 1901 Basilii
534 1836 683 1900 homilias
708 1836 863 1911 adhibuit,
888 1836 919 1898 in
939 1854 981 1900 ss.
1002 1838 1110 1901 1-40
1129 1837 1263 1920 primam

131 1944 162 2008 le
180 1944 305 2023 ieiunio,
321 1942 346 2029 ¹)
370 1944 402 2007 in
427 1962 469 2007 ss.
494 1943 626 2006 41-64
650 1944 794 2024 quartam
819 1942 984 2020 decimam,
1009 1961 1090 2025 3333
1111 1944 1144 2007 13
1164 1943 1263 2007 31313-

132 2070 174 2115 333
194 2050 388 2127 inscribitur,
413 2048 546 2131 denique
570 2048 679 2131 paucis
703 2048 785 2113 locis
808 2046 864 2133 (ss.
890 2050 943 2114 79.
973 2050 1024 2114 83.
1052 2050 1109 2133 84)
1137 2050 1263 2114 tertiam

133 2156 283 2235 decimam,
322 2156 564 2221 exhortatoriam
603 2154 641 2218 ad
679 2158 826 2219 sanctum
858 2155 1025 2237 baptisma.
1064 2176 1100 2221 err
1129 2156 1263 2221 Philone

132 2262 226 2354 hausit
248 2262 538 2347 interpretationem
567 2262 704 2327 nominis
727 2262 810 2326 Naid
837 2263 914 2340 446,
943 2264 973 2329 6.
1006 2263 1087 2328 illud
1118 2266 1266 2346 ‘poscunt

133 2370 290 2434 maioribus
314 2369 450 2453 pocuhs’
473 2369 562 2453 (439,
584 2370 617 2451 7)
637 2388 671 2432 er
697 2366 846 2434 Cicerone
869 2367 1079 2453 (cl.IIUerr.
1099 2371 1187 2447 126,
1208 2370 1263 2455 66)

135 2474 323 2558 deprompsit.
360 2494 392 2556 p.
425 2476 500 2553 446,
536 2474 586 2549 lt),
621 2493 812 2557 3333333333
845 2475 962 2540 similia
994 2476 1077 2559 apud
1110 2476 1264 2541 Basilium

133 2580 277 2665 leguntur,
300 2584 406 2646 tamen
431 2582 498 2645 sine
518 2580 614 2645 dubio
634 2580 853 2664 Xenophontis
874 2596 998 2664 quoquc
1016 2584 1124 2647 locum
1144 2584 1264 2649 Comm.

135 2687 198 2761 14,
226 2690 263 2751 12
294 2691 365 2753 3313
394 2688 503 2753 333133
533 2687 658 2760 habuit;
688 2690 785 2768 caput
812 2689 895 2751 enim
917 2688 1009 2766 illud,
1034 2707 1095 2770 quo
1121 2689 1265 2755 Socrates

136 2796 162 2856 et
181 2793 395 2859 Aristodemus
420 2782 637 2877 'colloquentes
660 2793 864 2873 inducuntur,
892 2795 1019 2877 penitus
1048 2816 1121 2860 eum
1149 2817 1267 2862 memo·

136 2898 189 2963 riae
209 2900 335 2964 inlisum
359 2899 509 2964 habuisse
532 2900 564 2964 in
589 2900 762 2963 uoluminis
785 2900 878 2983 primi
902 2902 1094 2983 praefatione
1122 2903 1267 2985 probaui·

136 3023 207 3069 mus.
237 3007 372 3089 denique
396 3005 600 3071 memorabile
625 3006 1001 3084 33113163313313436,
1027 3011 1083 3084 22;
1109 3011 1184 3075 459.
1210 3013 1266 3087 14;

136 3112 202 3190 461,
226 3116 244 3177 9
274 3116 416 3197 apertam
445 3112 640 3195 quorundam
664 3094 788 3177 Horatii
814 3115 954 3179 locomm
983 3115 1192 3181 imitationem
1222 3118 1268 3181 in-

137 3219 232 3284 333131.

176 3323 257 3390 Sicut
283 3328 315 3391 irr
343 3326 424 3391 libro
454 3326 491 3389 de
521 3345 582 3408 quo
607 3326 700 3392 mono
725 3328 849 3411 egimus
872 3327 971 3393 11313
996 3348 1032 3393 eo
1057 3349 1118 3412 quo
1142 3330 1171 3395 N
1180 3332 1267 3395 aba·

136 3428 220 3494 thae
241 3433 404 3498 historiam
428 3434 595 3509 enarrauit,
615 3433 803 3500 Ambrosius
822 3436 935 3499 Basilii
954 3436 1102 3501 homilias
1121 3437 1152 3501 in
1173 3457 1267 3502 usum

136 3553 222 3600 sunm
251 3538 417 3613 3333133111,
451 3558 643 3622 quamquam
676 3558 736 3604 non
771 3540 900 3605 eandem
928 3542 960 3606 in
989 3562 1026 3607 33
1053 3562 1085 3608 33
1115 3544 1268 3609 rationem

136 3641 283 3723 amplexus
318 3648 378 3709 est.
411 3665 482 3710 nam
510 3646 541 3709 in
570 3646 627 3710 illo
657 3649 720 3710 tres
749 3646 896 3711 homilias
930 3648 1077 3732 deinceps
1111 3669 1184 3714 eum
1218 3650 1270 3715 ad-

136 3744 266 3813 hibuisse
293 3750 447 3825 uidimus,
476 3752 506 3815 in
535 3752 595 3816 hoc
629 3754 894 3818 contaminatione
932 3754 1067 3837 quadam
1104 3756 1150 3820 113
1189 3776 1268 3821 3333

136 3854 191 3928 331,
219 3856 369 3921 ulmodo
399 3861 486 3921 serta
508 3857 650 3934 homilia,
675 3878 737 3941 333
760 3858 875 3942 3331113
898 3860 960 3925 XlI
984 3861 1141 3946 euangelii
1165 3862 1269 3926 Lucae

135 3976 241 4023 uersus
274 3962 382 4028 XVIII
419 3964 606 4043 illustratur,
644 3965 738 4029 modo
777 3966 923 4049 septima,
961 3987 1041 4049 quae
1078 3968 1110 4032 in
1153 3968 1269 4034 diuites

134 4064 316 4145 inscribitur,
342 4069 380 4135 ad
405 4088 564 4135 sermones
590 4071 759 4154 explendos
785 4076 816 4137 et
840 4073 1033 4139 exornandos
1056 4076 1208 4142 uteretur.
1234 4093 1269 4139 ac

137 4170 161 4231 si
188 4170 269 4238 locos
297 4195 314 4239 3
341 4193 392 4240 me
422 4176 576 4242 indicatos
606 4180 789 4253 contuleris,
818 4180 969 4245 maiorem
998 4200 1071 4245 eum
1093 4170 1135 4245 ’13
1167 4182 1270 4263 331333

136 4294 229 4356 quam
259 4280 289 4344 in
325 4282 499 4364 posteriore
531 4303 668 4349 messem
701 4284 817 4349 1331333
848 4287 1025 4371 Intelleges.
1060 4307 1097 4351 er
1129 4287 1270 4371 Uergilio

178 4414 200 4481 ¹)
222 4421 415 4490 3333333313
436 4438 456 4475 s.
477 4421 511 4475 68
531 4423 602 4491 (451,
623 4424 666 4489 13)
687 4406 838 4493 respicitur.

1201 4515 1234 4567 b*
