3100 4967
389 379 432 433 Ile
450 379 530 433 Iacob
549 379 577 433 II
596 383 621 444 9,
641 381 685 434 37.
704 379 738 432 38
776 379 800 448 (Ι
819 379 870 432 471
890 379 1002 432 E-sra
1022 379 1063 445 E).
1255 383 1297 446 55

149 581 311 656 tamquam
338 576 373 640 in
401 574 569 658 sepulchro
599 591 714 657 corpus
741 573 924 656 relinquens
953 573 1130 639 adsurrexit
1151 574 1183 638 in
1208 595 1241 639 11
1266 576 1298 640 11

148 683 240 766 longo
269 681 308 746 ab
338 681 411 746 aliis
439 685 535 762 atquo
562 681 646 746 intra
673 684 776 745 semet
803 681 910 764 ipsum
935 699 1006 745 sese
1031 681 1186 766 colligens
1210 701 1297 764 prae-

148 789 291 854 sentibus
315 808 349 853 se
374 789 469 853 rebus
493 786 688 853 subduxerat
707 791 739 852 et
755 787 1005 852 nouissimorum
1026 788 1149 852 dierum
1168 787 1296 852 futurae

147 895 341 962 miscebatur
359 895 466 960 aetati.
487 895 534 959 sic
555 895 638 958 enim
658 895 815 976 scriptum
835 897 900 958 est:
922 893 1172 960 adnuntiabo
1192 894 1296 976 inquit

121 1001 265 1066 anobis
302 1021 403 1083 quae
436 1021 663 1067 occursura
695 1005 792 1066 sunt
824 1002 943 1067 uobis
976 1002 1014 1065 in
1047 1001 1295 1066 nouissimis

147 1108 302 1172 diebus.
1122 1105 1125 1112 '

78 1213 110 1273 38
187 1215 275 1296 Quid
303 1215 403 1299 igitur
431 1215 461 1280 ei
488 1215 606 1292 deerat,
636 1216 689 1280 cui
717 1216 796 1280 deus
825 1215 943 1294 aderat,
973 1215 1028 1298 qui
1057 1215 1085 1279 11
1113 1215 1293 1298 profecturo

147 1321 1006 1408 111111111111111111111111111111111911111,
1027 1326 1156 1406 etego
1177 1321 1294 1387 dedu-

146 1449 225 1493 cam
249 1433 290 1494 te
312 1430 352 1494 in
375 1433 649 1512 perpetuum?
672 1449 732 1494 nec
756 1430 868 1508 defuit,
895 1429 1019 1512 quando
1045 1429 1075 1493 in
1101 1449 1137 1494 eo
1162 1433 1293 1496 sanctus
1317 1431 1339 1489 Ο

111 1556 131 1594 11
147 1537 277 1618 spiritus
305 1537 507 1618 loquebatur.
537 1535 609 1620 quis
637 1540 704 1601 tam
731 1539 845 1620 potens
874 1537 905 1600 in
931 1555 989 1602 suo
1014 1535 1176 1602 domicilio
1201 1555 1294 1618 quam

145 1643 203 1706 iste
233 1642 266 1706 in
295 1643 424 1708 alieno?
454 1643 526 1725 quis
554 1647 621 1708 tam
645 1644 809 1709 abundans
833 1645 865 1708 111
889 1644 1033 1708 ubertate
1060 1662 1154 1726 quam
1177 1644 1239 1707 iste
1262 1644 1294 1708 in

145 1750 251 1814 lame?
280 1749 352 1832 quis
380 1753 447 1814 tam
474 1749 566 1815 fortis
590 1751 623 1814 in
647 1751 817 1814 iuuentute
842 1769 936 1832 quam
959 1750 1020 1816 iste
1045 1750 1077 1814 in
1102 1753 1293 1815 senectute?

146 1857 213 1940 quis
243 1859 310 1921 tam
338 1861 491 1922 actuosus
519 1857 550 1921 in
579 1856 705 1940 negotio
736 1876 831 1939 quarn
859 1859 922 1921 iste
950 1857 981 1922 in
1011 1855 1103 1923 otio?
1130 1857 1292 1938 quietam

146 1964 234 2030 uelox
262 1965 295 2029 in
324 1965 482 2030 1111111111
512 1984 608 2046 quam
634 1964 696 2029 iste
721 1965 752 2027 in
775 1964 922 2028 lectulo?
947 1963 1017 2046 quis
1041 1967 1108 2029 tam
1131 1965 1236 2028 laetus
1260 1966 1293 2028 111

110 2071 218 2136 1111111
246 2071 481 2136 adulescentiae
510 2090 605 2153 quam
635 2071 696 2136 iste
724 2071 757 2134 in
785 2071 898 2136 mortis
928 2070 1089 2136 confinio?
1123 2072 1194 2154 quis
1227 2075 1293 2136 tam

148 2177 234 2242 diues
262 2177 295 2241 in
322 2197 421 2262 regno
451 2197 546 2261 quam
574 2179 637 2242 iste
664 2178 696 2241 in
725 2177 891 2262 peregrino
920 2177 1017 2242 loco?
1042 2178 1175 2261 denique
1200 2197 1292 2262 reges

146 2284 358 2350 benedicebat.
378 2303 436 2350 nec
454 2285 601 2349 inmerito
620 2304 741 2368 pauper
755 2304 817 2348 non
838 2287 914 2361 erat,
935 2285 990 2366 qui
1009 2285 1097 2350 nullo
1117 2284 1291 2369 indigebat.

146 2409 262 2473 pauper
283 2410 346 2456 oon
371 2394 448 2469 erat,
473 2392 528 2472 qui
551 2409 586 2455 se
609 2409 781 2473 pauperem
806 2409 866 2454 non
891 2391 1034 2473 putabat.
1060 2391 1187 2472 etquis
1215 2401 1335 2471 pau-D

146 2516 248 2578 perem
266 2497 363 2574 dicat,
376 2497 468 2562 cuius
484 2497 725 2562 conuersatione
740 2496 856 2580 dignus
872 2497 957 2562 orbis
971 2501 1126 2561 terrarum
1141 2517 1202 2562 non
1218 2498 1290 2576 luit,

109 2623 132 2663 a
149 2605 179 2667 et
199 2604 268 2668 ideo
292 2605 492 2669 conuersatio
517 2604 586 2668 eius
611 2603 733 2669 eratin
758 2603 867 2668 caelo?
891 2603 944 2668 bic
968 2622 1043 2668 uero
1068 2601 1234 2686 praediues
1258 2605 1290 2668 in

148 2708 264 2775 diuitiis
297 2711 515 2794 simplicitatis
549 2715 581 2775 et
613 2709 817 2787 sinceritatis,
850 2709 983 2774 decorus
1017 2709 1135 2773 maiore
1168 2709 1290 2774 animae

148 2835 236 2897 quam
255 2816 396 2899 corporis
414 2817 662 2899 pulchritudine,
683 2836 764 2898 quae
782 2835 976 2882 marcescere
995 2815 1171 2892 conuenit,
1188 2820 1291 2880 aetate

147 2922 273 3007 inpiger,
298 2923 494 3001 1111111111,
520 2943 591 2989 cum
616 2924 726 2999 uellet,
751 2941 901 3006 corporeo
925 2924 987 2988 isto
1012 2923 1094 2986 orire
1121 2925 1290 3006 gurgustio

148 3032 178 3092 et
199 3049 331 3112 superna
353 3031 492 3112 paradisi
515 3031 632 3095 mentis
655 3031 766 3115 uigore
794 3032 968 3112 penetrare.
992 3029 1136 3093 exultans
1165 3029 1289 3110 spiritu,

109 3155 131 3194 as
147 3153 214 3199 cnm
237 3137 398 3219 sepulchri
423 3140 562 3201 extrema
584 3137 757 3203 mandaret.
784 3157 844 3202 non
864 3137 948 3202 enim
966 3141 1089 3202 terreno
1111 3156 1144 3200 se
1163 3137 1289 3201 tumulo
1311 3147 1335 3201 Ε

148 3241 362 3321 claudendum,
387 3244 444 3309 sed
467 3263 605 3328 superno
627 3227 845 3328 recipiendum
871 3244 1031 3309 domicilio
1056 3244 1288 3328 praesumebat.

148 3351 178 3411 11
205 3349 273 3415 ideo
304 3355 471 3434 tamquam
508 3351 599 3416 alteri
636 3351 808 3415 mandabat
844 3350 1060 3434 sepulchrum,
1094 3352 1145 3416 sui
1182 3353 1288 3414 autern

148 3473 270 3522 secums
312 3461 448 3522 mortem
488 3457 576 3521 illam
624 3457 886 3521 inmortalitatem
932 3457 1074 3541 putabat.
1121 3457 1290 3522 uidebatur

148 3565 279 3644 corporis
300 3565 473 3646 inplicatus
487 3563 724 3664 impedimento
749 3568 781 3628 et
804 3563 954 3648 uigilanti
971 3564 1001 3628 in
1021 3565 1129 3629 futura
1147 3567 1290 3646 tempora

229 3805 329 3860 dGen.
349 3807 428 3870 49‚1
486 3808 503 3861 7
522 3807 588 3861 Gen.
608 3809 690 3870 46,4
746 3808 779 3861 16
799 3807 865 3862 Gen.
885 3809 964 3872 lar
1020 3807 1055 3863 20
1073 3807 1192 3878 Philipp.
1212 3810 1236 3871 3,
1253 3809 1287 3862 10

147 3891 179 3944 21
199 3891 261 3950 Gen.
279 3895 324 3958 49,
343 3897 378 3949 29

180 4017 308 4074 Aestatis
327 4021 407 4077 APu
429 4026 454 4074 es
479 4025 502 4086 (s
522 4026 603 4087 eras.)
623 4022 656 4078 11
747 4022 764 4075 5
789 4037 930 4075 occursura
948 4021 975 4074 A
1000 4027 1030 4089 (s.
1055 4025 1103 4076 m2
1120 4021 1133 4074 l
1152 4023 1284 4088 occursui)

148 4103 180 4157 10
197 4106 301 4175 spiritus
320 4112 430 4163 sanctus
453 4108 515 4162 VN'
597 4111 727 4179 qui-stam
744 4110 773 4164 P
837 4112 867 4164 11
889 4109 1032 4178 uehertate
1051 4109 1078 4162 A
1141 4109 1285 4164 151111111-

148 4195 258 4250 scentiae
275 4198 332 4254 aar
351 4197 553 4252 adolescentiae
572 4204 619 4254 cet.
712 4199 745 4253 18
765 4200 824 4270 quis
844 4217 904 4254 eum
923 4217 1069 4270 pauperem
1083 4195 1110 4254 A
1130 4203 1202 4265 (eum
1221 4215 1241 4251 a.
1257 4215 1284 4252 u.

147 4284 242 4350 m2)T
290 4288 324 4341 23
342 4288 486 4357 gurgustio
505 4290 533 4343 A
551 4288 631 4359 (corr.
650 4293 708 4356 m2)
764 4291 799 4343 24
818 4289 944 4360 paradysi
963 4292 991 4344 A
1010 4294 1051 4360 (ra
1068 4307 1089 4344 s.
1109 4290 1148 4357 a.)
