3100 4967
237 468 301 534 394
385 501 388 506 .
699 462 922 534 [Ambrosii]

235 663 351 728 terium
380 679 472 726 omne
500 659 714 725 damnandum
743 661 802 724 est.
828 659 962 741 denique
987 656 1025 722 ad
1048 655 1237 742 prophetam
1262 656 1381 722 dictum

235 773 303 835 est:
342 769 435 834 uade
482 768 610 850 accipe
647 764 721 830 tibi
757 784 908 831 uxorem
948 764 1201 830 fornicariam.
1235 763 1382 830 dominus

235 877 295 939 hoc
314 875 413 954 iubet,
434 893 506 939 curn
531 893 567 938 ea
590 892 671 956 6666
695 873 849 938 fornicata
871 873 968 937 fuerit
987 890 1057 937 esse
1078 871 1270 956 coniugium,
1291 871 1383 935 cuius

236 981 386 1070 coniugii,
406 984 444 1045 ut
467 999 562 1063 supra
586 980 732 1056 diximus,
756 982 867 1063 partus
892 982 942 1043 est
965 979 1121 1044 Christus.
1147 997 1282 1060 namque
1305 977 1382 1058 filio,

236 1089 290 1172 661
315 1107 350 1154 66
372 1087 579 1153 fornicatione
602 1091 697 1153 natus
721 1089 779 1164 est,
800 1107 818 1150 a
837 1085 964 1152 domino
988 1105 1101 1150 nomen
1124 1083 1310 1168 impositum
1335 1091 1384 1150 est
1416 1107 1429 1147 o

234 1196 386 1273 lenrahel,
416 1195 500 1278 quod
528 1198 579 1259 est
606 1194 714 1258 diuina
743 1194 915 1276 generatio.
945 1193 973 1256 si
1002 1212 1075 1278 ergo
1104 1193 1157 1276 pia
1183 1192 1241 1257 illa
1268 1194 1384 1274 copula

235 1302 429 1380 fornicariae,
454 1302 550 1366 etiam
569 1301 633 1366 ista
650 1301 761 1383 611666
780 1299 832 1383 pia
851 1301 987 1366 societas
1007 1301 1169 1364 adulterae
1188 1299 1303 1383 copula
1322 1302 1381 1365 est.

236 1409 292 1474 sed
320 1409 377 1473 illa
405 1409 444 1473 dc
471 1406 609 1474 ludaeis.
639 1408 678 1473 de
706 1407 823 1472 diuinis
852 1411 958 1472 autern
983 1426 1043 1472 non
1068 1407 1167 1472 audeo
1191 1407 1269 1470 licet
1291 1405 1381 1490 pium
1450 1416 1473 1470 B

236 1515 428 1579 adulterium
455 1515 630 1591 nominare,
656 1533 695 1578 ne
722 1533 817 1596 quem
844 1515 899 1578 661
927 1533 1024 1579 66666
1053 1513 1207 1578 sermonis
1232 1511 1381 1590 offendat,

234 1621 312 1686 licet
343 1640 457 1687 sensus
489 1622 667 1687 ueneratior
698 1621 730 1685 in
763 1624 913 1704 promptu
947 1621 999 1684 ait.
1029 1621 1114 1704 quod
1140 1623 1249 1702 potest
1275 1623 1382 1684 tamen
1402 1645 1429 1686 ro

236 1728 362 1793 cautius
387 1729 448 1793 dici
474 1729 534 1792 etsi
558 1748 619 1792 non
642 1729 832 1810 expressius,
858 1748 894 1793 err
918 1727 1099 1811 disparibus
1124 1728 1247 1810 copulis
1271 1729 1383 1792 contu·

234 1835 381 1899 bernium
404 1835 494 1919 pium
517 1837 639 1899 facturn
663 1838 721 1915 est,
746 1855 818 1900 oum
844 1836 978 1900 uerbum
1002 1853 1072 1902 caro
1096 1835 1217 1900 factum
1241 1837 1300 1898 661.
1320 1851 1382 1899 666

236 1945 312 2006 sunt
344 1942 426 2006 eninr
458 1943 603 2026 legitima
636 1942 795 2008 consortia
828 1941 1006 2007 diuinitatis
1040 1944 1071 2006 61
1109 1941 1212 2006 camis
1249 1959 1307 2005 nec
1345 1943 1383 2005 ut

237 2048 373 2130 quodam
404 2049 531 2114 foedere
563 2049 755 2113 conueniunt
787 2052 917 2114 naturae
950 2067 1022 2114 caro
1055 2048 1176 2112 animae
1210 2049 1241 2111 et
1277 2047 1383 2111 anima

237 2155 332 2231 carni,
361 2155 408 2219 ita
436 2157 532 2220 etiam
562 2155 713 2220 diuinitas
741 2159 774 2220 et
797 2175 868 2220 caro
892 2155 972 2220 iusti
996 2157 1125 2220 saturant
1148 2152 1381 2238 quodammodo
1401 2179 1428 2218 66

236 2261 298 2325 tori
328 2261 444 2346 legem.
478 2258 629 2344 suscepit
653 2281 778 2326 carnem
812 2263 901 2340 daus,
935 2262 1116 2346 adsumpsit
1147 2261 1294 2337 animam,
1326 2279 1384 2343 per
1451 2262 1472 2319 C

234 2367 422 2432 inusitatam
443 2387 501 2433 nec
523 2369 699 2453 legitimam
723 2370 969 2434 incarnationem
994 2370 1188 2435 consortium
1211 2366 1288 2434 fecit
1311 2387 1382 2434 esse

235 2474 428 2559 legitimum,
451 2478 489 2540 ut
511 2476 555 2541 sit
578 2475 656 2540 deus
681 2477 787 2541 omnia
811 2479 843 2541 61
865 2477 896 2540 16
922 2477 1079 2542 omnibus.
1312 2489 1315 2492 “

193 2583 232 2646 51
280 2582 424 2665 11661666
457 2585 494 2646 61
525 2582 608 2647 scias
642 2602 712 2647 csse
743 2583 942 2666 mysterium,
975 2584 1182 2666 interpretare
1214 2581 1381 2648 uocabula.

236 2689 342 2753 Dauid
365 2689 448 2752 enim
472 2689 504 2752 in
528 2692 603 2772 typo
628 2690 746 2771 accipis
771 2689 902 2767 Christi,
926 2691 1083 2754 Betsabee
1106 2687 1172 2753 filia
1195 2689 1320 2754 sabbati
1349 2693 1427 2756 6166

235 2795 301 2860 filia
323 2797 417 2878 plena
439 2797 471 2860 et
494 2800 611 2878 puteus
636 2797 753 2861 dicitur
774 2796 955 2861 iuramenti.
980 2796 1057 2878 quid
1080 2796 1179 2880 igitur·
1202 2797 1381 2880 expressius

235 2923 331 2986 quarn
363 2903 448 2984 quod
480 2902 546 2968 filia
578 2902 703 2967 sabbati
736 2921 807 2967 caro
842 2903 961 2968 Christi
994 2907 1054 2982 est,
1084 2903 1158 2986 quia
1184 2903 1276 2968 misit
1302 2903 1381 2967 deus

234 3009 336 3074 filium
370 3028 465 3074 suurn
497 3010 617 3074 factum
650 3029 685 3074 ex
717 3011 862 3087 muliere,
894 3011 1016 3076 factum
1049 3011 1108 3076 sub
1141 3012 1238 3095 lege?
1270 3009 1380 3074 eadem

234 3115 337 3200 plena,
362 3117 437 3199 quia
458 3117 490 3180 in
514 3118 661 3201 passione
681 3117 749 3182 eius
768 3117 851 3201 legis
871 3120 922 3182 est
939 3117 1103 3200 plenitudo
1122 3117 1176 3182 uel
1195 3116 1270 3200 quia
1288 3117 1381 3200 plena

324 3325 519 3392 2066612
591 3325 669 3378 461.
689 3327 714 3384 9.
732 3325 768 3378 48
841 3324 1091 3395 1606661366.
1166 3323 1381 3389 121616.1,14

236 3413 269 3467 18
289 3413 391 3470 061666,
411 3417 437 3479 3,
457 3415 489 3468 11
544 3415 674 3469 2411666.
695 3415 736 3478 13,
758 3413 792 3468 10

271 3558 288 3610 5
308 3555 355 3624 661
374 3556 415 3623 66]
435 3555 499 3622 6616
517 3571 549 3608 66
567 3555 594 3606 Β
613 3555 660 3624 661
679 3571 711 3608 66
729 3556 759 3608 Τ’
780 3555 826 3624 661
846 3571 877 3608 66
896 3572 927 3609 66
941 3555 1013 3609 B‘P‘
1065 3558 1081 3610 6
1100 3555 1217 3610 iesralrel
1229 3555 1265 3609 13⁴
1282 3557 1380 3610 1666661

235 3643 503 3697 ΡΡΜ1661Β1161
519 3644 625 3712 (16666,
640 3644 809 3706 6631666661)
828 3644 859 3697 T‘
915 3645 1041 3714 7611666
1055 3661 1106 3699 om.
1120 3645 1223 3699 NB‘P'
1295 3644 1379 3699 socie·

234 3733 303 3786 tatio
321 3732 404 3786 tacite
421 3732 553 3785 Macrini
625 3733 722 3802 copula
739 3733 796 3787 TN
812 3734 938 3838 copublata
956 3740 1016 3798 ectr
1030 3735 1101 3802 sort.
1121 3733 1218 3838 appula
1236 3733 1379 3788 delendum

237 3848 270 3902 10
285 3849 438 3901 6666661166
455 3848 513 3901 ΤΝ
523 3848 705 3902 uenerationis
720 3855 767 3904 cet.
825 3850 855 3904 11
873 3849 946 3918 piurrr
960 3849 1061 3903 factum
1077 3853 1119 3903 est
1134 3849 1338 3903 contubernium
1358 3845 1382 3902 T

237 3937 270 3990 12
289 3953 349 3989 cunr
367 3937 409 3998 1⁸,
429 3953 479 3990 om.
499 3943 546 3991 cet.
640 3939 672 3992 13
692 3940 763 3991 enirn
782 3955 833 3993 666.
853 3937 887 3990 N
970 3939 1002 3991 14
1022 3939 1188 3992 6666661661
1203 3937 1300 3992 DPM
1316 3953 1378 3992 con-

234 4025 383 4095 66616616
401 4026 580 4078 conueniente
603 4025 661 4079 TN
675 4032 700 4080 61
720 4029 772 4092 (-16
791 4043 824 4080 cx
842 4031 895 4092 16)
916 4027 941 4078 Β
997 4028 1029 4081 16
1057 4027 1144 4096 legem
1165 4027 1338 4096 (1616666.)
1357 4023 1382 4079 Τ

270 4115 357 4183 legerrr
377 4114 486 4184 111661χ
506 4101 513 4114 ’
532 4115 565 4167 17
585 4115 758 4183 consortium]
779 4123 811 4168 cu
830 4115 933 4168 furtiud
953 4114 1009 4169 TN
1051 4115 1084 4170 18
1104 4119 1132 4168 61
1150 4131 1201 4169 om.
1219 4113 1382 4170 DNB¹PM

235 4203 270 4256 20
288 4203 388 4272 accipis
407 4204 435 4256 irr
453 4207 517 4273 typo
536 4202 561 4256 X
622 4203 713 4273 accipe
733 4204 795 4256 PM
847 4204 974 4258 betsabee
998 4203 1168 4274 Thersabap
1186 4203 1212 4255 B
1230 4203 1379 4258 bethsabee

234 4292 280 4345 ael
298 4292 361 4362 -beo
381 4298 428 4346 cet.
503 4295 531 4345 et
548 4292 606 4346 filia
622 4292 715 4346 1¹th
730 4296 755 4361 (e
774 4295 864 4347 66316
878 4293 947 4363 roa.)
966 4293 996 4347 P
1013 4296 1044 4348 ut
1058 4293 1114 4347 filia
1128 4290 1186 4346 BD
1200 4294 1248 4346 661
1260 4293 1319 4346 filia
1331 4297 1378 4348 cel.

234 4380 329 4433 21661
347 4383 445 4450 puteus
463 4381 534 4433 ΒΨ
