3100 4967
485 444 527 497 De
546 441 632 497 Tobia
651 442 695 507 20,
714 442 821 497 68-12
859 442 884 511 (1
902 445 954 499 615
972 444 1076 511 l-u).
1282 450 1344 513 561

201 636 417 719 corporalibus
437 636 565 721 quidem
584 636 772 721 pignoribus
791 636 871 702 satis
890 636 986 701 etiam
1005 638 1130 703 Hesdra
1153 658 1211 704 nos
1237 634 1347 705 docuit

201 744 285 826 quod
312 744 386 823 iam,
414 744 636 823 faeneratores,
660 744 814 809 aduersus
836 747 964 826 patrum
987 747 1167 810 uestrorum
1191 764 1251 811 uon
1274 759 1391 830 pos-c

200 851 270 915 sitis
301 852 409 917 uenire
436 851 676 934 professionem.
705 870 779 915 narn
807 871 880 915 curu
907 850 1091 917 iuberentur
1121 852 1177 935 qui
1209 853 1346 918 faenera-

128 934 141 961 ⁰
199 960 311 1023 uerunt
338 961 371 1023 et
399 962 584 1043 acceperant
612 959 715 1024 aliena
737 959 881 1043 pignora,
905 964 943 1023 ut
964 960 1169 1025 restituerent
1193 978 1239 1038 ea,
1263 960 1344 1024 dire-

169 1071 287 1129 arunt:
325 1064 532 1131 reddimus
570 1070 608 1131 et
640 1065 684 1131 ab
717 1065 824 1149 ipsis
856 1065 962 1129 nihil
994 1066 1238 1149 quaerimus.
1271 1066 1346 1131 boni

198 1174 314 1253 patres,
339 1172 394 1253 qui
418 1174 599 1237 statuerunt
621 1172 753 1257 pignora
777 1172 956 1237 debitorum
981 1192 1051 1237 esse
1074 1172 1243 1250 reddenda,
1269 1172 1345 1237 boui

197 1278 293 1341 etiarn
322 1278 545 1357 faeneratores,
574 1279 628 1362 qui
655 1279 884 1362 responderunt
911 1279 996 1363 quod
1024 1282 1056 1345 et
1082 1280 1215 1364 pignora
1236 1278 1344 1343 redde-

197 1386 267 1448 rent
285 1388 317 1449 et
334 1385 500 1467 pecuniam
519 1405 581 1450 non
599 1385 802 1467 requirerent,
823 1405 918 1467 quam
937 1384 1108 1451 dedissent.
1133 1388 1167 1450 et
1187 1386 1346 1451 sententia

197 1509 256 1555 uos
279 1495 427 1573 paternae
451 1492 635 1557 censitiouis
660 1492 709 1557 his
729 1492 902 1577 adstringit
920 1495 953 1557 et
969 1493 1125 1576 professio
1143 1492 1343 1559 creditorum.

111 1602 180 1665 7110
199 1600 249 1662 est
286 1602 392 1663 autem
431 1603 463 1663 et
499 1598 586 1663 aliud
621 1600 749 1682 pignus,
787 1600 873 1683 quod
912 1599 963 1665 lex
1004 1600 1158 1683 spiritalis
1197 1599 1388 1683 prohibeto

197 1705 312 1772 auferri
346 1709 378 1770 et
412 1706 440 1769 si
464 1705 571 1770 datum
599 1706 705 1784 fuerit,
737 1706 828 1771 reddi
858 1705 949 1771 iubet
976 1708 1049 1771 ante
1077 1705 1156 1771 solis
1183 1724 1342 1783 occasum,

197 1812 281 1897 quod
304 1813 400 1878 horno
424 1812 548 1877 debitor
571 1812 674 1877 reddit
698 1817 729 1877 et
752 1812 821 1896 ipse
844 1814 988 1895 protulit.
1013 1813 1138 1879 debitor
1161 1816 1211 1877 est
1233 1815 1339 1877 autern

197 1920 300 1984 omnis
324 1919 378 2001 qui
402 1918 491 1983 audit
514 1920 647 1983 uerbum
670 1919 759 2003 regui
779 1922 810 1984 et
829 1938 890 1984 non
908 1919 1077 2005 intellegit.
1097 1918 1204 1985 uenit
1220 1920 1342 1984 malus

197 2030 233 2091 ct
269 2026 395 2107 rapuit
431 2025 529 2108 quod
566 2026 794 2091 seminatum
826 2030 884 2091 est
911 2026 949 2091 in
978 2025 1089 2091 corde
1116 2026 1253 2109 ipsius.
1276 2027 1342 2091 uoli

151 2156 177 2196 ιι
196 2152 270 2217 ergo
287 2133 416 2197 introire
434 2133 466 2196 in
486 2132 615 2198 domum
635 2133 714 2209 eius,
736 2138 772 2197 ut
789 2132 872 2197 illud
884 2132 1002 2217 pignus
1020 2133 1170 2216 accipias.
1183 2151 1243 2197 uae
1256 2132 1341 2197 enirn

195 2240 248 2324 qui
282 2239 544 2304 scaudalinauerit
575 2259 673 2304 unum
707 2240 744 2303 de
776 2240 904 2323 pusillis
936 2239 1024 2305 istis!
1057 2240 1086 2303 si
1117 2258 1176 2303 sua
1202 2238 1342 2303 stultitia

195 2346 336 2411 amiserit
367 2346 484 2431 pignus
518 2366 623 2421 suum,
655 2350 692 2411 tu
724 2366 786 2413 non
818 2346 951 2411 habebis
975 2345 1139 2411 delictum.
1172 2345 1201 2409 si
1233 2349 1340 2410 auteur

194 2472 314 2535 pauper
336 2454 442 2532 fuerit,
465 2454 560 2519 redde
584 2453 700 2538 pignus
725 2456 798 2518 ante
818 2454 896 2519 solis
915 2472 1079 2527 occasum
1098 2453 1214 2538 pignus
1234 2455 1341 2516 autern
1362 2462 1384 2517 Ε

194 2560 423 2625 uestimentum
457 2567 515 2625 est.
557 2561 584 2625 si
618 2562 679 2625 sibi
712 2561 803 2625 diues
832 2561 968 2638 uidetur,
996 2561 1066 2643 ipse
1094 2579 1128 2624 se
1156 2558 1284 2641 decipit,
1313 2559 1341 2623 si

149 2694 176 2734 ιι
195 2666 311 2750 pignus
349 2664 514 2731 tradiderit
546 2686 654 2731 suurn:
688 2667 715 2730 si
748 2670 856 2731 autem
887 2686 1017 2750 pauper,
1050 2666 1104 2749 qui
1135 2685 1197 2731 non
1228 2666 1342 2751 habeat

194 2772 323 2837 diuitias
362 2773 504 2855 spiritus,
542 2773 636 2838 redde
673 2774 723 2838 illi
758 2774 989 2839 uestimentum
1026 2793 1121 2837 suum
1158 2774 1230 2836 ante
1262 2772 1340 2837 solis

105 2872 147 2936 72
194 2898 352 2945 occasum.
387 2882 413 2945 si
443 2880 481 2945 de
510 2880 665 2963 corporali
692 2883 840 2965 ageretur
861 2881 1001 2965 pignore,
1026 2880 1137 2961 utique
1160 2878 1262 2963 magis
1285 2898 1342 2962 per

193 2986 274 3051 diem
311 2986 506 3052 reddendum
544 2986 616 3063 fuit,
653 3004 691 3051 ne
728 2986 892 3069 turpitudo
929 2985 1006 3050 nudi
1047 2986 1187 3068 corporis
1228 2986 1338 3056 diurno

281 3270 297 3321 5
317 3266 429 3321 Neheru.
451 3270 476 3327 5.
497 3268 530 3321 12
587 3267 619 3319 13
638 3266 738 3319 Mattio.
760 3266 803 3329 13,
824 3266 857 3319 19
875 3264 939 3319 Luc.
959 3264 985 3326 8,
1006 3264 1040 3318 12
1087 3264 1120 3317 15
1138 3263 1238 3317 Matth.
1260 3262 1301 3326 18,
1321 3264 1338 3317 6

228 3462 241 3514 1
261 3424 530 3531 pigneribus'afflr
642 3460 709 3513 satis
733 3458 758 3511 V
775 3459 877 3511 sanctis
896 3456 966 3511 Pet
985 3462 1049 3510 uate
1068 3472 1136 3511 corr.
1156 3454 1222 3509 ΡΤ
1238 3464 1291 3510 sols
1309 3456 1340 3510 D

191 3554 300 3603 sauctus
319 3549 353 3602 P‘
369 3554 393 3603 et
411 3548 436 3602 Τ
453 3564 521 3602 corr.
542 3554 588 3602 oct.
648 3547 745 3603 hesdra
759 3546 817 3600 PV
833 3546 912 3600 esdra
930 3546 979 3599 TC
995 3544 1107 3599 hesdrae
1121 3544 1179 3598 BD
1198 3543 1290 3598 ezdras
1305 3544 1338 3596 P

226 3638 318 3693 docuit
336 3656 384 3693 nos
408 3637 497 3691 VDP¹
555 3639 572 3691 4
591 3638 705 3707 pignera
724 3636 795 3700 DP‘,
815 3652 866 3689 om.
888 3635 943 3688 BT
1000 3636 1016 3688 6
1036 3639 1061 3687 et
1080 3635 1095 3687 1
1114 3633 1229 3703 pignera
1246 3631 1338 3686 BDP'

191 3726 378 3781 ddebitorum
399 3731 426 3791 (ιι
447 3743 479 3781 ea:
497 3732 524 3795 o)
543 3726 571 3779 P
641 3724 754 3779 bonaP
806 3723 1006 3793 Srequirerint
1023 3723 1051 3776 P
1104 3721 1340 3776 doensitionisP

190 3817 352 3871 censetionis
376 3816 429 3870 VT
446 3817 579 3871 censionis
599 3821 646 3869 cet.
751 3813 794 3867 his
814 3830 865 3869 om.
889 3812 916 3867 V
1011 3812 1152 3883 professio.
1173 3810 1337 3864 creditorum

188 3908 277 3959 autera
301 3910 342 3959 est
361 3910 392 3959 ut
410 3905 485 3960 aliud
504 3906 532 3958 B
606 3905 636 3959 11
657 3904 734 3959 iubet
752 3903 874 3957 reddiO
950 3904 983 3957 12
1002 3901 1110 3955 debitor
1133 3899 1183 3953 VO
1199 3898 1292 3953 debito
1311 3899 1340 3951 P

190 3999 217 4055 (o
236 4010 269 4047 ex
287 3999 344 4061 uru)
363 3993 420 4048 BT
437 3994 532 4049 debita
551 3994 615 4049 DP‘
701 3992 803 4063 reddit]
824 3992 901 4046 dedit
922 3991 945 4045 0
1014 3989 1151 4044 debitores
1171 3991 1262 4041 autern
1281 4004 1337 4040 orn-

187 4100 235 4137 nes
253 4084 281 4137 P
336 4084 369 4137 14
388 4084 460 4153 rapit
483 4083 599 4138 VDPO
658 4082 740 4153 quod]
761 4082 838 4152 quasi
858 4086 920 4153 (om.
941 4084 994 4147 est)
1012 4079 1077 4133 DP‘
1138 4076 1296 4147 ipsiuseius
1315 4076 1340 4127 V

189 4174 222 4227 16
245 4172 287 4225 illi
312 4174 357 4242 qui
380 4171 407 4226 V
518 4190 599 4227 unuru
624 4189 674 4227 om.
694 4172 751 4236 Pu,
777 4188 798 4225 a.
818 4188 845 4224 ιι.
864 4172 911 4223 m2
934 4169 960 4221 V
1085 4168 1116 4221 17
1137 4184 1191 4220 ιιοιι
1210 4181 1262 4219 om.
1282 4162 1366 4248 BV

190 4264 221 4317 19
237 4263 260 4315 si
274 4278 325 4317 om.
339 4264 378 4326 D,
398 4262 450 4317 sibi
465 4280 515 4317 om.
530 4262 565 4315 P'
584 4263 626 4327 (in
644 4278 697 4331 qao
716 4260 826 4315 uidetur
840 4259 928 4326 diues)
966 4260 1001 4312 22
1015 4259 1162 4327 agerentur
1181 4254 1291 4325 pignere
1307 4252 1337 4304 D

187 4352 300 4421 pignore
320 4356 444 4420 ageretur
462 4350 497 4405 P‘
569 4352 680 4420 pignere
700 4350 727 4403 B
782 4350 816 4404 23
835 4346 982 4418 turpidudo
1001 4348 1029 4401 P

214 4475 307 4515 xxxll.
322 4474 401 4515 Ambr.
415 4487 467 4525 pars
481 4478 501 4517 2.
1264 4449 1299 4502 36
