<?xml version="1.0" encoding="UTF-8"?>
<!DOCTYPE html PUBLIC "-//W3C//DTD XHTML 1.0 Transitional//EN"
    "http://www.w3.org/TR/xhtml1/DTD/xhtml1-transitional.dtd">
<html xmlns="http://www.w3.org/1999/xhtml" xml:lang="en" lang="en">
 <head>
  <title>
</title>
<meta http-equiv="Content-Type" content="text/html;charset=utf-8" />
  <meta name='ocr-system' content='tesseract 3.04.00' />
  <meta name='ocr-capabilities' content='ocr_page ocr_carea ocr_par ocr_line ocrx_word'/>
</head>
<body>
  <div class='ocr_page' id='page_1' title='image "./corpusscriptoru13wiengoog/corpusscriptoru13wiengoog_0290.png"; bbox 0 0 3100 4967; ppageno 0'>
   <div class='ocr_carea' id='block_1_1' title="bbox 221 431 894 501">
    <p class='ocr_par' dir='ltr' id='par_1_1' title="bbox 221 431 894 501">
     <span class='ocr_line' id='line_1_1' title="bbox 221 431 894 501; baseline -0.025 0"><span class='ocrx_word' id='word_1_1' title='bbox 221 438 286 501; x_wconf 83' lang='lat'>232</span> <span class='ocrx_word' id='word_1_2' title='bbox 696 431 894 485; x_wconf 79' lang='lat' dir='ltr'><strong>Ambrosii</strong></span> 
     </span>
    </p>
   </div>
   <div class='ocr_carea' id='block_1_2' title="bbox 217 625 1499 2735">
    <p class='ocr_par' dir='ltr' id='par_1_2' title="bbox 218 625 1499 819">
     <span class='ocr_line' id='line_1_2' title="bbox 218 625 1499 712; baseline -0.004 -18"><span class='ocrx_word' id='word_1_3' title='bbox 218 650 280 712; x_wconf 86' lang='lat' dir='ltr'>quc</span> <span class='ocrx_word' id='word_1_4' title='bbox 310 634 396 694; x_wconf 87' lang='lat' dir='ltr'>esset</span> <span class='ocrx_word' id='word_1_5' title='bbox 425 628 591 709; x_wconf 83' lang='lat' dir='ltr'>sapientia,</span> <span class='ocrx_word' id='word_1_6' title='bbox 621 630 654 691; x_wconf 89' lang='lat' dir='ltr'>et</span> <span class='ocrx_word' id='word_1_7' title='bbox 681 626 752 689; x_wconf 86' lang='lat' dir='ltr'>ideo</span> <span class='ocrx_word' id='word_1_8' title='bbox 782 625 861 689; x_wconf 80' lang='lat' dir='ltr'>dixit</span> <span class='ocrx_word' id='word_1_9' title='bbox 887 625 941 689; x_wconf 93' lang='lat' dir='ltr'>ille</span> <span class='ocrx_word' id='word_1_10' title='bbox 970 645 1031 689; x_wconf 88' lang='lat' dir='ltr'>non</span> <span class='ocrx_word' id='word_1_11' title='bbox 1062 626 1147 708; x_wconf 89' lang='lat' dir='ltr'>quod</span> <span class='ocrx_word' id='word_1_12' title='bbox 1171 645 1267 691; x_wconf 88' lang='lat' dir='ltr'>suum</span> <span class='ocrx_word' id='word_1_13' title='bbox 1291 634 1367 706; x_wconf 85' lang='lat' dir='ltr'>crat,</span> <span class='ocrx_word' id='word_1_14' title='bbox 1414 630 1499 684; x_wconf 73' lang='lat'>6381</span> 
     </span>
     <span class='ocr_line' id='line_1_3' title="bbox 218 733 1367 819; baseline -0.002 -18"><span class='ocrx_word' id='word_1_15' title='bbox 218 737 275 801; x_wconf 88' lang='lat' dir='ltr'>sed</span> <span class='ocrx_word' id='word_1_16' title='bbox 304 735 387 819; x_wconf 91' lang='lat' dir='ltr'>quod</span> <span class='ocrx_word' id='word_1_17' title='bbox 417 734 572 817; x_wconf 82' lang='lat' dir='ltr'>sapientia</span> <span class='ocrx_word' id='word_1_18' title='bbox 600 733 718 797; x_wconf 79' lang='lat' dir='ltr'><strong>infudit</strong></span> <span class='ocrx_word' id='word_1_19' title='bbox 747 733 795 796; x_wconf 90' lang='lat' dir='ltr'>ei:</span> <span class='ocrx_word' id='word_1_20' title='bbox 824 733 861 797; x_wconf 94' lang='lat' dir='ltr'>in</span> <span class='ocrx_word' id='word_1_21' title='bbox 889 733 1076 815; x_wconf 83' lang='lat' dir='ltr'>principio</span> <span class='ocrx_word' id='word_1_22' title='bbox 1105 736 1186 797; x_wconf 88' lang='lat' dir='ltr'>erat</span> <span class='ocrx_word' id='word_1_23' title='bbox 1212 735 1367 799; x_wconf 84' lang='lat' dir='ltr'>uerbum</span> 
     </span>
    </p>

    <p class='ocr_par' dir='ltr' id='par_1_3' title="bbox 217 838 1451 2097">
     <span class='ocr_line' id='line_1_4' title="bbox 218 838 1367 923; baseline 0.003 -16"><span class='ocrx_word' id='word_1_24' title='bbox 218 847 255 907; x_wconf 84' lang='lat' dir='ltr'>et</span> <span class='ocrx_word' id='word_1_25' title='bbox 286 844 440 907; x_wconf 90' lang='lat' dir='ltr'>uerbum</span> <span class='ocrx_word' id='word_1_26' title='bbox 474 846 554 906; x_wconf 87' lang='lat' dir='ltr'>erat</span> <span class='ocrx_word' id='word_1_27' title='bbox 586 846 676 923; x_wconf 88' lang='lat' dir='ltr'>aput</span> <span class='ocrx_word' id='word_1_28' title='bbox 709 840 827 904; x_wconf 89' lang='lat' dir='ltr'>deum.</span> <span class='ocrx_word' id='word_1_29' title='bbox 862 840 964 906; x_wconf 89' lang='lat' dir='ltr'>nescit</span> <span class='ocrx_word' id='word_1_30' title='bbox 992 838 1181 921; x_wconf 72' lang='lat' dir='ltr'>sapientiam</span> <span class='ocrx_word' id='word_1_31' title='bbox 1208 842 1367 910; x_wconf 83' lang='lat' dir='ltr'>interitus.</span> 
     </span>
     <span class='ocr_line' id='line_1_5' title="bbox 217 946 1367 1030; baseline -0.002 -17"><span class='ocrx_word' id='word_1_32' title='bbox 217 950 320 1014; x_wconf 87' lang='lat' dir='ltr'>nescit</span> <span class='ocrx_word' id='word_1_33' title='bbox 351 950 482 1014; x_wconf 87' lang='lat' dir='ltr'>malitia.</span> <span class='ocrx_word' id='word_1_34' title='bbox 516 947 664 1012; x_wconf 85' lang='lat' dir='ltr'>interitus</span> <span class='ocrx_word' id='word_1_35' title='bbox 698 946 782 1011; x_wconf 89' lang='lat' dir='ltr'>enim</span> <span class='ocrx_word' id='word_1_36' title='bbox 816 965 884 1010; x_wconf 86' lang='lat' dir='ltr'>eam</span> <span class='ocrx_word' id='word_1_37' title='bbox 918 950 1024 1009; x_wconf 84' lang='lat' dir='ltr'>tenere</span> <span class='ocrx_word' id='word_1_38' title='bbox 1052 966 1113 1011; x_wconf 89' lang='lat' dir='ltr'>non</span> <span class='ocrx_word' id='word_1_39' title='bbox 1141 948 1259 1030; x_wconf 80' lang='lat' dir='ltr'>potuit,</span> <span class='ocrx_word' id='word_1_40' title='bbox 1287 968 1367 1030; x_wconf 86' lang='lat' dir='ltr'>qnae</span> 
     </span>
     <span class='ocr_line' id='line_1_6' title="bbox 218 1054 1411 1130; baseline -0.001 -10"><span class='ocrx_word' id='word_1_41' title='bbox 218 1057 316 1121; x_wconf 81' lang='lat' dir='ltr'>dixit:</span> <span class='ocrx_word' id='word_1_42' title='bbox 355 1056 419 1120; x_wconf 90' lang='lat' dir='ltr'>ubi</span> <span class='ocrx_word' id='word_1_43' title='bbox 458 1059 524 1129; x_wconf 79' lang='lat' dir='ltr'>est,</span> <span class='ocrx_word' id='word_1_44' title='bbox 562 1074 670 1129; x_wconf 83' lang='lat' dir='ltr'>mors,</span> <span class='ocrx_word' id='word_1_45' title='bbox 709 1054 874 1118; x_wconf 84' lang='lat' dir='ltr'>uictoria</span> <span class='ocrx_word' id='word_1_46' title='bbox 911 1057 1003 1117; x_wconf 81' lang='lat' dir='ltr'>tua?</span> <span class='ocrx_word' id='word_1_47' title='bbox 1041 1054 1105 1118; x_wconf 91' lang='lat' dir='ltr'>nbi</span> <span class='ocrx_word' id='word_1_48' title='bbox 1143 1058 1211 1130; x_wconf 75' lang='lat' dir='ltr'>cst,</span> <span class='ocrx_word' id='word_1_49' title='bbox 1258 1075 1366 1125; x_wconf 79' lang='lat' dir='ltr'>mars,</span> <span class='ocrx_word' id='word_1_50' title='bbox 1400 1077 1411 1111; x_wconf 75' lang='lat'>⁵</span> 
     </span>
     <span class='ocr_line' id='line_1_7' title="bbox 219 1160 1368 1243; baseline -0.001 -17"><span class='ocrx_word' id='word_1_51' title='bbox 219 1164 374 1227; x_wconf 88' lang='lat' dir='ltr'>aculens</span> <span class='ocrx_word' id='word_1_52' title='bbox 409 1166 523 1226; x_wconf 80' lang='lat' dir='ltr'>tuus?</span> <span class='ocrx_word' id='word_1_53' title='bbox 554 1162 658 1227; x_wconf 86' lang='lat' dir='ltr'>nescit</span> <span class='ocrx_word' id='word_1_54' title='bbox 690 1180 759 1225; x_wconf 91' lang='lat' dir='ltr'>eam</span> <span class='ocrx_word' id='word_1_55' title='bbox 793 1160 927 1234; x_wconf 80' lang='lat' dir='ltr'>malitia,</span> <span class='ocrx_word' id='word_1_56' title='bbox 956 1162 1030 1242; x_wconf 92' lang='lat' dir='ltr'>quia</span> <span class='ocrx_word' id='word_1_57' title='bbox 1060 1161 1160 1225; x_wconf 79' lang='lat' dir='ltr'>dixit:</span> <span class='ocrx_word' id='word_1_58' title='bbox 1192 1167 1368 1243; x_wconf 88' lang='lat' dir='ltr'>quaerent</span> 
     </span>
     <span class='ocr_line' id='line_1_8' title="bbox 219 1267 1366 1349; baseline -0.002 -15"><span class='ocrx_word' id='word_1_59' title='bbox 219 1290 273 1334; x_wconf 92' lang='lat' dir='ltr'>me</span> <span class='ocrx_word' id='word_1_60' title='bbox 310 1269 399 1333; x_wconf 89' lang='lat' dir='ltr'>maii</span> <span class='ocrx_word' id='word_1_61' title='bbox 437 1272 474 1333; x_wconf 89' lang='lat' dir='ltr'>et</span> <span class='ocrx_word' id='word_1_62' title='bbox 511 1287 580 1332; x_wconf 92' lang='lat' dir='ltr'>non</span> <span class='ocrx_word' id='word_1_63' title='bbox 618 1267 823 1331; x_wconf 87' lang='lat' dir='ltr'>inuenient.</span> <span class='ocrx_word' id='word_1_64' title='bbox 861 1270 997 1349; x_wconf 85' lang='lat' dir='ltr'>possunt</span> <span class='ocrx_word' id='word_1_65' title='bbox 1028 1267 1149 1332; x_wconf 89' lang='lat' dir='ltr'>dicere:</span> <span class='ocrx_word' id='word_1_66' title='bbox 1184 1268 1366 1332; x_wconf 88' lang='lat' dir='ltr'>audiuimus</span> 
     </span>
     <span class='ocr_line' id='line_1_9' title="bbox 219 1373 1366 1459; baseline -0.002 -21"><span class='ocrx_word' id='word_1_67' title='bbox 219 1375 351 1459; x_wconf 75' lang='lat' dir='ltr'>glutiam</span> <span class='ocrx_word' id='word_1_68' title='bbox 386 1375 466 1439; x_wconf 88' lang='lat' dir='ltr'>eius.</span> <span class='ocrx_word' id='word_1_69' title='bbox 500 1375 588 1439; x_wconf 88' lang='lat' dir='ltr'>solus</span> <span class='ocrx_word' id='word_1_70' title='bbox 623 1377 672 1437; x_wconf 88' lang='lat' dir='ltr'>est</span> <span class='ocrx_word' id='word_1_71' title='bbox 704 1373 793 1449; x_wconf 84' lang='lat' dir='ltr'>deus,</span> <span class='ocrx_word' id='word_1_72' title='bbox 827 1373 880 1455; x_wconf 88' lang='lat' dir='ltr'>qui</span> <span class='ocrx_word' id='word_1_73' title='bbox 914 1374 1006 1438; x_wconf 89' lang='lat' dir='ltr'>ncuit</span> <span class='ocrx_word' id='word_1_74' title='bbox 1042 1392 1121 1438; x_wconf 90' lang='lat' dir='ltr'>eam.</span> <span class='ocrx_word' id='word_1_75' title='bbox 1159 1375 1235 1455; x_wconf 89' lang='lat' dir='ltr'>quia</span> <span class='ocrx_word' id='word_1_76' title='bbox 1273 1374 1366 1438; x_wconf 87' lang='lat' dir='ltr'>dens</span> 
     </span>
     <span class='ocr_line' id='line_1_10' title="bbox 217 1480 1365 1564; baseline -0.001 -19"><span class='ocrx_word' id='word_1_77' title='bbox 217 1482 324 1563; x_wconf 88' lang='lat' dir='ltr'>inquit</span> <span class='ocrx_word' id='word_1_78' title='bbox 356 1482 446 1547; x_wconf 89' lang='lat' dir='ltr'>bene</span> <span class='ocrx_word' id='word_1_79' title='bbox 481 1480 687 1545; x_wconf 90' lang='lat' dir='ltr'>constituit</span> <span class='ocrx_word' id='word_1_80' title='bbox 719 1480 819 1543; x_wconf 85' lang='lat' dir='ltr'>uiam</span> <span class='ocrx_word' id='word_1_81' title='bbox 851 1481 944 1558; x_wconf 87' lang='lat' dir='ltr'>cius,</span> <span class='ocrx_word' id='word_1_82' title='bbox 976 1481 1059 1564; x_wconf 86' lang='lat' dir='ltr'>ipse</span> <span class='ocrx_word' id='word_1_83' title='bbox 1096 1480 1205 1546; x_wconf 90' lang='lat' dir='ltr'>nouit</span> <span class='ocrx_word' id='word_1_84' title='bbox 1241 1481 1365 1545; x_wconf 89' lang='lat' dir='ltr'>locum</span> 
     </span>
     <span class='ocr_line' id='line_1_11' title="bbox 218 1586 1412 1671; baseline -0.002 -20"><span class='ocrx_word' id='word_1_85' title='bbox 218 1589 310 1653; x_wconf 86' lang='lat' dir='ltr'>eius.</span> <span class='ocrx_word' id='word_1_86' title='bbox 341 1588 426 1671; x_wconf 89' lang='lat' dir='ltr'>qnod</span> <span class='ocrx_word' id='word_1_87' title='bbox 454 1589 498 1653; x_wconf 90' lang='lat' dir='ltr'>sit</span> <span class='ocrx_word' id='word_1_88' title='bbox 520 1586 755 1669; x_wconf 77' lang='lat' dir='ltr'>receptaculum</span> <span class='ocrx_word' id='word_1_89' title='bbox 780 1587 955 1669; x_wconf 85' lang='lat' dir='ltr'>sapientiae</span> <span class='ocrx_word' id='word_1_90' title='bbox 980 1587 1055 1651; x_wconf 91' lang='lat' dir='ltr'>audi</span> <span class='ocrx_word' id='word_1_91' title='bbox 1079 1587 1273 1671; x_wconf 87' lang='lat' dir='ltr'>discipulum</span> <span class='ocrx_word' id='word_1_92' title='bbox 1296 1588 1366 1652; x_wconf 89' lang='lat' dir='ltr'>eius</span> <span class='ocrx_word' id='word_1_93' title='bbox 1387 1612 1412 1651; x_wconf 78' lang='grc' dir='ltr'>ιο</span> 
     </span>
     <span class='ocr_line' id='line_1_12' title="bbox 220 1691 1451 1777; baseline 0 -18"><span class='ocrx_word' id='word_1_94' title='bbox 220 1695 397 1759; x_wconf 79' lang='lat' dir='ltr'>dicentem:</span> <span class='ocrx_word' id='word_1_95' title='bbox 431 1692 655 1777; x_wconf 83' lang='lat' dir='ltr'>unigenitus</span> <span class='ocrx_word' id='word_1_96' title='bbox 688 1692 809 1766; x_wconf 82' lang='lat' dir='ltr'>filius,</span> <span class='ocrx_word' id='word_1_97' title='bbox 844 1691 906 1774; x_wconf 91' lang='lat' dir='ltr'>qui</span> <span class='ocrx_word' id='word_1_98' title='bbox 940 1696 998 1757; x_wconf 88' lang='lat' dir='ltr'>est</span> <span class='ocrx_word' id='word_1_99' title='bbox 1034 1693 1069 1756; x_wconf 91' lang='lat' dir='ltr'>in</span> <span class='ocrx_word' id='word_1_100' title='bbox 1110 1692 1193 1757; x_wconf 89' lang='lat' dir='ltr'>sinu</span> <span class='ocrx_word' id='word_1_101' title='bbox 1232 1694 1364 1775; x_wconf 75' lang='lat' dir='ltr'>patria,</span> <span class='ocrx_word' id='word_1_102' title='bbox 1429 1706 1451 1759; x_wconf 88' lang='grc' dir='ltr'>Β</span> 
     </span>
     <span class='ocr_line' id='line_1_13' title="bbox 217 1798 1365 1884; baseline -0.002 -19"><span class='ocrx_word' id='word_1_103' title='bbox 217 1802 299 1884; x_wconf 87' lang='lat' dir='ltr'>ipse</span> <span class='ocrx_word' id='word_1_104' title='bbox 328 1800 530 1865; x_wconf 84' lang='lat' dir='ltr'>enarnauit.</span> <span class='ocrx_word' id='word_1_105' title='bbox 560 1799 692 1883; x_wconf 84' lang='lat' dir='ltr'>agnouit</span> <span class='ocrx_word' id='word_1_106' title='bbox 721 1799 803 1862; x_wconf 86' lang='lat' dir='ltr'>enim</span> <span class='ocrx_word' id='word_1_107' title='bbox 832 1802 954 1881; x_wconf 87' lang='lat' dir='ltr'>patrem</span> <span class='ocrx_word' id='word_1_108' title='bbox 984 1798 1082 1876; x_wconf 82' lang='lat' dir='ltr'>filius,</span> <span class='ocrx_word' id='word_1_109' title='bbox 1111 1800 1186 1881; x_wconf 82' lang='lat' dir='ltr'>quIa</span> <span class='ocrx_word' id='word_1_110' title='bbox 1208 1799 1277 1883; x_wconf 88' lang='lat' dir='ltr'>ipse</span> <span class='ocrx_word' id='word_1_111' title='bbox 1300 1799 1365 1863; x_wconf 87' lang='lat' dir='ltr'>ait:</span> 
     </span>
     <span class='ocr_line' id='line_1_14' title="bbox 219 1906 1366 1990; baseline -0.003 -18"><span class='ocrx_word' id='word_1_112' title='bbox 219 1908 321 1972; x_wconf 86' lang='lat' dir='ltr'>sicut</span> <span class='ocrx_word' id='word_1_113' title='bbox 344 1906 519 1990; x_wconf 86' lang='lat' dir='ltr'>agnoscit</span> <span class='ocrx_word' id='word_1_114' title='bbox 542 1925 597 1969; x_wconf 90' lang='lat' dir='ltr'>me</span> <span class='ocrx_word' id='word_1_115' title='bbox 620 1909 735 1987; x_wconf 82' lang='lat' dir='ltr'>pater,</span> <span class='ocrx_word' id='word_1_116' title='bbox 761 1910 797 1969; x_wconf 91' lang='lat' dir='ltr'>et</span> <span class='ocrx_word' id='word_1_117' title='bbox 821 1924 888 1989; x_wconf 86' lang='lat' dir='ltr'>ego</span> <span class='ocrx_word' id='word_1_118' title='bbox 908 1924 1071 1989; x_wconf 85' lang='lat' dir='ltr'>agnosco</span> <span class='ocrx_word' id='word_1_119' title='bbox 1091 1909 1245 1987; x_wconf 90' lang='lat' dir='ltr'>patrem.</span> <span class='ocrx_word' id='word_1_120' title='bbox 1265 1924 1366 1988; x_wconf 89' lang='lat' dir='ltr'>aequa</span> 
     </span>
     <span class='ocr_line' id='line_1_15' title="bbox 218 2011 1366 2097; baseline 0 -20"><span class='ocrx_word' id='word_1_121' title='bbox 218 2032 368 2079; x_wconf 82' lang='lat' dir='ltr'>mensura</span> <span class='ocrx_word' id='word_1_122' title='bbox 391 2016 441 2077; x_wconf 86' lang='lat' dir='ltr'>est</span> <span class='ocrx_word' id='word_1_123' title='bbox 464 2012 665 2095; x_wconf 64' lang='lat' dir='ltr'>cognitionis</span> <span class='ocrx_word' id='word_1_124' title='bbox 691 2011 746 2075; x_wconf 93' lang='lat' dir='ltr'>ubi</span> <span class='ocrx_word' id='word_1_125' title='bbox 769 2012 877 2076; x_wconf 88' lang='lat' dir='ltr'>unitas</span> <span class='ocrx_word' id='word_1_126' title='bbox 899 2013 1070 2094; x_wconf 82' lang='lat' dir='ltr'>potestatis</span> <span class='ocrx_word' id='word_1_127' title='bbox 1094 2017 1153 2076; x_wconf 87' lang='lat' dir='ltr'>est.</span> <span class='ocrx_word' id='word_1_128' title='bbox 1173 2016 1263 2095; x_wconf 85' lang='lat' dir='ltr'>pater</span> <span class='ocrx_word' id='word_1_129' title='bbox 1280 2032 1366 2097; x_wconf 74' lang='lat' dir='ltr'>ergo,</span> 
     </span>
    </p>

    <p class='ocr_par' dir='ltr' id='par_1_4' title="bbox 218 2104 1451 2735">
     <span class='ocr_line' id='line_1_16' title="bbox 219 2104 1412 2202; baseline -0.002 -18"><span class='ocrx_word' id='word_1_130' title='bbox 219 2120 274 2202; x_wconf 89' lang='lat' dir='ltr'>qui</span> <span class='ocrx_word' id='word_1_131' title='bbox 302 2120 408 2184; x_wconf 90' lang='lat' dir='ltr'>omnia</span> <span class='ocrx_word' id='word_1_132' title='bbox 436 2120 535 2195; x_wconf 80' lang='lat' dir='ltr'>nouit,</span> <span class='ocrx_word' id='word_1_133' title='bbox 566 2122 732 2184; x_wconf 85' lang='lat' dir='ltr'>uentorum</span> <span class='ocrx_word' id='word_1_134' title='bbox 757 2120 882 2196; x_wconf 75' lang='lat' dir='ltr'>libram,</span> <span class='ocrx_word' id='word_1_135' title='bbox 905 2138 1059 2201; x_wconf 87' lang='lat' dir='ltr'>aquarum</span> <span class='ocrx_word' id='word_1_136' title='bbox 1082 2104 1274 2196; x_wconf 87' lang='lat' dir='ltr'>mensnram,</span> <span class='ocrx_word' id='word_1_137' title='bbox 1297 2120 1366 2201; x_wconf 89' lang='lat' dir='ltr'>ipse</span> <span class='ocrx_word' id='word_1_138' title='bbox 1387 2144 1412 2183; x_wconf 66' lang='grc' dir='ltr'>ιε</span> 
     </span>
     <span class='ocr_line' id='line_1_17' title="bbox 218 2224 1367 2308; baseline -0.002 -18"><span class='ocrx_word' id='word_1_139' title='bbox 218 2224 303 2290; x_wconf 91' lang='lat' dir='ltr'>uidit</span> <span class='ocrx_word' id='word_1_140' title='bbox 331 2226 520 2308; x_wconf 85' lang='lat' dir='ltr'>sapientiam</span> <span class='ocrx_word' id='word_1_141' title='bbox 549 2229 581 2290; x_wconf 87' lang='lat' dir='ltr'>et</span> <span class='ocrx_word' id='word_1_142' title='bbox 609 2226 768 2289; x_wconf 83' lang='lat' dir='ltr'>enamanit</span> <span class='ocrx_word' id='word_1_143' title='bbox 796 2245 866 2289; x_wconf 91' lang='lat' dir='ltr'>eam</span> <span class='ocrx_word' id='word_1_144' title='bbox 894 2245 950 2307; x_wconf 82' lang='lat' dir='ltr'>per</span> <span class='ocrx_word' id='word_1_145' title='bbox 976 2226 1148 2308; x_wconf 86' lang='lat' dir='ltr'>prophetas</span> <span class='ocrx_word' id='word_1_146' title='bbox 1177 2245 1264 2303; x_wconf 85' lang='lat' dir='ltr'>suos,</span> <span class='ocrx_word' id='word_1_147' title='bbox 1292 2226 1367 2308; x_wconf 89' lang='lat' dir='ltr'>qnia</span> 
     </span>
     <span class='ocr_line' id='line_1_18' title="bbox 218 2330 1367 2416; baseline 0 -21"><span class='ocrx_word' id='word_1_148' title='bbox 218 2337 307 2416; x_wconf 83' lang='lat' dir='ltr'>pater</span> <span class='ocrx_word' id='word_1_149' title='bbox 331 2334 488 2397; x_wconf 85' lang='lat' dir='ltr'>enamauit</span> <span class='ocrx_word' id='word_1_150' title='bbox 512 2331 699 2413; x_wconf 87' lang='lat' dir='ltr'>sapientiam</span> <span class='ocrx_word' id='word_1_151' title='bbox 725 2335 756 2395; x_wconf 86' lang='lat' dir='ltr'>et</span> <span class='ocrx_word' id='word_1_152' title='bbox 780 2330 988 2415; x_wconf 86' lang='lat' dir='ltr'>inuestigauit</span> <span class='ocrx_word' id='word_1_153' title='bbox 1011 2351 1091 2408; x_wconf 81' lang='lat' dir='ltr'>eam,</span> <span class='ocrx_word' id='word_1_154' title='bbox 1117 2332 1203 2396; x_wconf 88' lang='lat' dir='ltr'>sicut</span> <span class='ocrx_word' id='word_1_155' title='bbox 1225 2339 1258 2395; x_wconf 90' lang='lat' dir='ltr'>et</span> <span class='ocrx_word' id='word_1_156' title='bbox 1279 2332 1367 2396; x_wconf 87' lang='lat' dir='ltr'>filius</span> 
     </span>
     <span class='ocr_line' id='line_1_19' title="bbox 219 2438 1366 2521; baseline 0 -20"><span class='ocrx_word' id='word_1_157' title='bbox 219 2440 341 2521; x_wconf 88' lang='lat' dir='ltr'>patrem</span> <span class='ocrx_word' id='word_1_158' title='bbox 356 2438 523 2516; x_wconf 83' lang='lat' dir='ltr'>enamauit,</span> <span class='ocrx_word' id='word_1_159' title='bbox 539 2458 631 2521; x_wconf 85' lang='lat' dir='ltr'>quem</span> <span class='ocrx_word' id='word_1_160' title='bbox 647 2439 726 2502; x_wconf 87' lang='lat' dir='ltr'>nihil</span> <span class='ocrx_word' id='word_1_161' title='bbox 741 2440 901 2520; x_wconf 80' lang='lat' dir='ltr'>praeterit,</span> <span class='ocrx_word' id='word_1_162' title='bbox 917 2442 950 2502; x_wconf 89' lang='lat' dir='ltr'>et</span> <span class='ocrx_word' id='word_1_163' title='bbox 965 2439 1059 2503; x_wconf 84' lang='lat' dir='ltr'>dixit:</span> <span class='ocrx_word' id='word_1_164' title='bbox 1075 2458 1092 2503; x_wconf 89' lang='lat' dir='ltr'>c</span> <span class='ocrx_word' id='word_1_165' title='bbox 1108 2438 1213 2514; x_wconf 79' lang='lat' dir='ltr'>homo,</span> <span class='ocrx_word' id='word_1_166' title='bbox 1225 2438 1301 2520; x_wconf 88' lang='lat' dir='ltr'>quid</span> <span class='ocrx_word' id='word_1_167' title='bbox 1314 2438 1366 2502; x_wconf 88' lang='lat' dir='ltr'>nis</span> 
     </span>
     <span class='ocr_line' id='line_1_20' title="bbox 219 2544 1451 2627; baseline -0.002 -19"><span class='ocrx_word' id='word_1_168' title='bbox 219 2546 376 2627; x_wconf 87' lang='lat' dir='ltr'>profunda</span> <span class='ocrx_word' id='word_1_169' title='bbox 392 2546 472 2610; x_wconf 88' lang='lat' dir='ltr'>scire</span> <span class='ocrx_word' id='word_1_170' title='bbox 492 2546 674 2627; x_wconf 83' lang='lat' dir='ltr'>sapientiae,</span> <span class='ocrx_word' id='word_1_171' title='bbox 696 2564 775 2627; x_wconf 86' lang='lat' dir='ltr'>quae</span> <span class='ocrx_word' id='word_1_172' title='bbox 795 2564 891 2626; x_wconf 85' lang='lat' dir='ltr'>supra</span> <span class='ocrx_word' id='word_1_173' title='bbox 909 2563 968 2609; x_wconf 88' lang='lat' dir='ltr'>uos</span> <span class='ocrx_word' id='word_1_174' title='bbox 988 2549 1083 2608; x_wconf 82' lang='lat' dir='ltr'>sum?</span> <span class='ocrx_word' id='word_1_175' title='bbox 1104 2545 1235 2609; x_wconf 87' lang='lat' dir='ltr'>timere</span> <span class='ocrx_word' id='word_1_176' title='bbox 1260 2544 1367 2609; x_wconf 87' lang='lat' dir='ltr'>deum</span> <span class='ocrx_word' id='word_1_177' title='bbox 1430 2550 1451 2605; x_wconf 81' lang='lat' dir='ltr'>C</span> 
     </span>
     <span class='ocr_line' id='line_1_21' title="bbox 221 2651 1413 2735; baseline 0.001 -18"><span class='ocrx_word' id='word_1_178' title='bbox 221 2652 411 2735; x_wconf 87' lang='lat' dir='ltr'>sapientia</span> <span class='ocrx_word' id='word_1_179' title='bbox 436 2654 503 2727; x_wconf 83' lang='lat' dir='ltr'>est,</span> <span class='ocrx_word' id='word_1_180' title='bbox 528 2652 719 2715; x_wconf 84' lang='lat' dir='ltr'>abstinere</span> <span class='ocrx_word' id='word_1_181' title='bbox 744 2655 869 2716; x_wconf 87' lang='lat' dir='ltr'>autem</span> <span class='ocrx_word' id='word_1_182' title='bbox 893 2652 1042 2715; x_wconf 89' lang='lat' dir='ltr'>amalis</span> <span class='ocrx_word' id='word_1_183' title='bbox 1068 2651 1274 2734; x_wconf 86' lang='lat' dir='ltr'>disciplina</span> <span class='ocrx_word' id='word_1_184' title='bbox 1298 2654 1366 2715; x_wconf 86' lang='lat' dir='ltr'>est.</span> <span class='ocrx_word' id='word_1_185' title='bbox 1385 2678 1413 2718; x_wconf 77' lang='lat' dir='ltr'>so</span> 
     </span>
    </p>
   </div>
   <div class='ocr_carea' id='block_1_3' title="bbox 218 2806 1367 3054">
    <p class='ocr_par' dir='ltr' id='par_1_5' title="bbox 218 2806 1367 3054">
     <span class='ocr_line' id='line_1_22' title="bbox 309 2806 1367 2872; baseline -0.001 -11"><span class='ocrx_word' id='word_1_186' title='bbox 309 2806 403 2863; x_wconf 80' lang='lat'>21011.</span> <span class='ocrx_word' id='word_1_187' title='bbox 424 2808 482 2871; x_wconf 87' lang='lat'>1,1</span> <span class='ocrx_word' id='word_1_188' title='bbox 540 2806 668 2862; x_wconf 71' lang='lat' dir='ltr'>SICor.</span> <span class='ocrx_word' id='word_1_189' title='bbox 689 2808 731 2872; x_wconf 84' lang='lat'>15,</span> <span class='ocrx_word' id='word_1_190' title='bbox 746 2808 780 2861; x_wconf 81' lang='lat'>55</span> <span class='ocrx_word' id='word_1_191' title='bbox 846 2806 1011 2861; x_wconf 86' lang='lat' dir='ltr'>6Pr0nerb.</span> <span class='ocrx_word' id='word_1_192' title='bbox 1028 2808 1051 2870; x_wconf 89' lang='lat'>1,</span> <span class='ocrx_word' id='word_1_193' title='bbox 1066 2806 1101 2861; x_wconf 84' lang='grc'>28</span> <span class='ocrx_word' id='word_1_194' title='bbox 1165 2806 1250 2860; x_wconf 72' lang='lat'>7101)</span> <span class='ocrx_word' id='word_1_195' title='bbox 1270 2807 1313 2868; x_wconf 85' lang='grc'>28,</span> <span class='ocrx_word' id='word_1_196' title='bbox 1332 2808 1367 2860; x_wconf 82' lang='grc'>22</span> 
     </span>
     <span class='ocr_line' id='line_1_23' title="bbox 218 2895 1367 2959; baseline -0.003 -8"><span class='ocrx_word' id='word_1_197' title='bbox 218 2896 330 2951; x_wconf 88' lang='lat' dir='ltr'>8R0m.</span> <span class='ocrx_word' id='word_1_198' title='bbox 348 2898 388 2957; x_wconf 88' lang='lat'>16,</span> <span class='ocrx_word' id='word_1_199' title='bbox 404 2897 438 2949; x_wconf 84' lang='lat'>27</span> <span class='ocrx_word' id='word_1_200' title='bbox 457 2895 506 2949; x_wconf 92' lang='lat' dir='ltr'>Iob</span> <span class='ocrx_word' id='word_1_201' title='bbox 526 2897 569 2959; x_wconf 89' lang='grc'>28,</span> <span class='ocrx_word' id='word_1_202' title='bbox 588 2896 623 2949; x_wconf 88' lang='grc'>23</span> <span class='ocrx_word' id='word_1_203' title='bbox 694 2895 907 2959; x_wconf 83' lang='lat' dir='ltr'>1110h.1,18</span> <span class='ocrx_word' id='word_1_204' title='bbox 972 2896 1082 2950; x_wconf 78' lang='lat'>131011.</span> <span class='ocrx_word' id='word_1_205' title='bbox 1105 2896 1146 2957; x_wconf 89' lang='lat'>10,</span> <span class='ocrx_word' id='word_1_206' title='bbox 1167 2898 1200 2951; x_wconf 82' lang='lat'>15</span> <span class='ocrx_word' id='word_1_207' title='bbox 1265 2895 1367 2951; x_wconf 79' lang='lat' dir='ltr'>1510b</span> 
     </span>
     <span class='ocr_line' id='line_1_24' title="bbox 219 2983 925 3054; baseline -0.001 -14"><span class='ocrx_word' id='word_1_208' title='bbox 219 2986 262 3048; x_wconf 88' lang='grc'>28,</span> <span class='ocrx_word' id='word_1_209' title='bbox 282 2986 317 3039; x_wconf 82' lang='lat'>24</span> <span class='ocrx_word' id='word_1_210' title='bbox 335 3002 374 3054; x_wconf 85' lang='lat' dir='ltr'>sq.</span> <span class='ocrx_word' id='word_1_211' title='bbox 431 2986 464 3039; x_wconf 89' lang='lat'>16</span> <span class='ocrx_word' id='word_1_212' title='bbox 482 2984 532 3038; x_wconf 90' lang='lat' dir='ltr'>Iob</span> <span class='ocrx_word' id='word_1_213' title='bbox 552 2984 595 3048; x_wconf 90' lang='grc'>28,</span> <span class='ocrx_word' id='word_1_214' title='bbox 615 2985 649 3039; x_wconf 82' lang='grc'>27</span> <span class='ocrx_word' id='word_1_215' title='bbox 706 2984 738 3037; x_wconf 85' lang='grc'>19</span> <span class='ocrx_word' id='word_1_216' title='bbox 758 2983 808 3037; x_wconf 83' lang='lat' dir='ltr'>Iob</span> <span class='ocrx_word' id='word_1_217' title='bbox 828 2984 871 3047; x_wconf 86' lang='grc'>28,</span> <span class='ocrx_word' id='word_1_218' title='bbox 889 2984 925 3039; x_wconf 89' lang='grc'>28</span> 
     </span>
    </p>
   </div>
   <div class='ocr_carea' id='block_1_4' title="bbox 219 3106 1369 4404">
    <p class='ocr_par' dir='ltr' id='par_1_6' title="bbox 219 3106 1369 4404">
     <span class='ocr_line' id='line_1_25' title="bbox 258 3106 1366 3178; baseline -0.003 -15"><span class='ocrx_word' id='word_1_219' title='bbox 258 3112 270 3163; x_wconf 95' lang='lat'>1</span> <span class='ocrx_word' id='word_1_220' title='bbox 291 3108 337 3162; x_wconf 90' lang='lat' dir='ltr'>ille</span> <span class='ocrx_word' id='word_1_221' title='bbox 356 3108 425 3162; x_wconf 79' lang='lat' dir='ltr'>dixit</span> <span class='ocrx_word' id='word_1_222' title='bbox 443 3107 471 3161; x_wconf 99' lang='grc' dir='ltr'><strong>Β</strong></span> <span class='ocrx_word' id='word_1_223' title='bbox 532 3110 550 3162; x_wconf 88' lang='grc'><strong>4</strong></span> <span class='ocrx_word' id='word_1_224' title='bbox 569 3124 628 3163; x_wconf 83' lang='lat' dir='ltr'>eam</span> <span class='ocrx_word' id='word_1_225' title='bbox 649 3108 731 3163; x_wconf 81' lang='lat' dir='ltr'>tacite</span> <span class='ocrx_word' id='word_1_226' title='bbox 748 3106 885 3163; x_wconf 66' lang='lat' dir='ltr'>Mancini</span> <span class='ocrx_word' id='word_1_227' title='bbox 902 3124 963 3162; x_wconf 92' lang='lat' dir='ltr'>eum</span> <span class='ocrx_word' id='word_1_228' title='bbox 983 3108 1050 3162; x_wconf 78' lang='lat' dir='ltr'>iibri</span> <span class='ocrx_word' id='word_1_229' title='bbox 1122 3124 1191 3178; x_wconf 85' lang='lat' dir='ltr'>quae</span> <span class='ocrx_word' id='word_1_230' title='bbox 1209 3108 1238 3161; x_wconf 94' lang='lat' dir='ltr'><strong><em>P</em></strong></span> <span class='ocrx_word' id='word_1_231' title='bbox 1254 3108 1300 3177; x_wconf 90' lang='lat' dir='ltr'>qui</span> <span class='ocrx_word' id='word_1_232' title='bbox 1319 3114 1366 3162; x_wconf 76' lang='lat' dir='ltr'>cet.</span> 
     </span>
     <span class='ocr_line' id='line_1_26' title="bbox 219 3196 1366 3267; baseline -0.002 -15"><span class='ocrx_word' id='word_1_233' title='bbox 219 3200 235 3253; x_wconf 85' lang='lat'>5</span> <span class='ocrx_word' id='word_1_234' title='bbox 256 3202 298 3252; x_wconf 85' lang='lat' dir='ltr'>est</span> <span class='ocrx_word' id='word_1_235' title='bbox 317 3199 365 3251; x_wconf 78' lang='lat' dir='ltr'>alt.</span> <span class='ocrx_word' id='word_1_236' title='bbox 386 3214 435 3252; x_wconf 84' lang='lat' dir='ltr'>om.</span> <span class='ocrx_word' id='word_1_237' title='bbox 452 3196 509 3250; x_wconf 89' lang='lat' dir='ltr'>BD</span> <span class='ocrx_word' id='word_1_238' title='bbox 546 3198 562 3251; x_wconf 85' lang='lat'><strong>6</strong></span> <span class='ocrx_word' id='word_1_239' title='bbox 577 3197 697 3267; x_wconf 84' lang='lat' dir='ltr'>aculeus]</span> <span class='ocrx_word' id='word_1_240' title='bbox 716 3196 842 3251; x_wconf 88' lang='lat' dir='ltr'>stimulus</span> <span class='ocrx_word' id='word_1_241' title='bbox 856 3196 884 3249; x_wconf 90' lang='grc' dir='ltr'><strong>Β</strong></span> <span class='ocrx_word' id='word_1_242' title='bbox 902 3202 929 3250; x_wconf 81' lang='lat' dir='ltr'>et</span> <span class='ocrx_word' id='word_1_243' title='bbox 947 3198 989 3263; x_wconf 78' lang='lat' dir='ltr'>(in</span> <span class='ocrx_word' id='word_1_244' title='bbox 1006 3214 1057 3267; x_wconf 70' lang='lat' dir='ltr'>neq.</span> <span class='ocrx_word' id='word_1_245' title='bbox 1077 3197 1198 3264; x_wconf 84' lang='lat' dir='ltr'>aculens)</span> <span class='ocrx_word' id='word_1_246' title='bbox 1213 3196 1243 3250; x_wconf 91' lang='lat' dir='ltr'><strong><em>D</em></strong></span> <span class='ocrx_word' id='word_1_247' title='bbox 1298 3196 1366 3266; x_wconf 84' lang='lat' dir='ltr'>eam]</span> 
     </span>
     <span class='ocr_line' id='line_1_27' title="bbox 220 3285 1366 3356; baseline -0.002 -15"><span class='ocrx_word' id='word_1_248' title='bbox 220 3287 290 3341; x_wconf 84' lang='lat' dir='ltr'>cuim</span> <span class='ocrx_word' id='word_1_249' title='bbox 309 3286 374 3341; x_wconf 81' lang='lat' dir='ltr'>DP‘</span> <span class='ocrx_word' id='word_1_250' title='bbox 436 3287 453 3339; x_wconf 90' lang='grc'><strong>9</strong></span> <span class='ocrx_word' id='word_1_251' title='bbox 473 3287 530 3355; x_wconf 88' lang='lat' dir='ltr'>ipse</span> <span class='ocrx_word' id='word_1_252' title='bbox 550 3286 621 3341; x_wconf 88' lang='lat' dir='ltr'>enim</span> <span class='ocrx_word' id='word_1_253' title='bbox 640 3287 667 3339; x_wconf 93' lang='lat' dir='ltr'><em>B</em></span> <span class='ocrx_word' id='word_1_254' title='bbox 731 3285 764 3340; x_wconf 90' lang='grc'>12</span> <span class='ocrx_word' id='word_1_255' title='bbox 783 3286 907 3339; x_wconf 80' lang='lat' dir='ltr'>narrauIt</span> <span class='ocrx_word' id='word_1_256' title='bbox 924 3286 952 3339; x_wconf 91' lang='lat' dir='ltr'><strong><em>B</em></strong></span> <span class='ocrx_word' id='word_1_257' title='bbox 1007 3287 1041 3341; x_wconf 88' lang='grc'>13</span> <span class='ocrx_word' id='word_1_258' title='bbox 1061 3303 1179 3356; x_wconf 82' lang='lat' dir='ltr'>agnosco</span> <span class='ocrx_word' id='word_1_259' title='bbox 1197 3285 1226 3339; x_wconf 93' lang='lat' dir='ltr'><strong><em>P</em></strong></span> <span class='ocrx_word' id='word_1_260' title='bbox 1245 3288 1268 3350; x_wconf 89' lang='lat' dir='ltr'>(s</span> <span class='ocrx_word' id='word_1_261' title='bbox 1287 3301 1308 3339; x_wconf 81' lang='lat' dir='ltr'>a.</span> <span class='ocrx_word' id='word_1_262' title='bbox 1327 3292 1366 3351; x_wconf 80' lang='lat' dir='ltr'>u.)</span> 
     </span>
     <span class='ocr_line' id='line_1_28' title="bbox 221 3374 1369 3445; baseline -0.002 -16"><span class='ocrx_word' id='word_1_263' title='bbox 221 3378 254 3429; x_wconf 82' lang='lat'>14</span> <span class='ocrx_word' id='word_1_264' title='bbox 273 3378 418 3445; x_wconf 87' lang='lat' dir='ltr'>potcstatis</span> <span class='ocrx_word' id='word_1_265' title='bbox 439 3376 465 3429; x_wconf 88' lang='lat' dir='ltr'>P</span> <span class='ocrx_word' id='word_1_266' title='bbox 484 3376 503 3442; x_wconf 90' lang='lat' dir='ltr'>(i</span> <span class='ocrx_word' id='word_1_267' title='bbox 523 3392 556 3429; x_wconf 77' lang='lat' dir='ltr'>ecc</span> <span class='ocrx_word' id='word_1_268' title='bbox 575 3379 599 3441; x_wconf 82' lang='lat' dir='ltr'>e)</span> <span class='ocrx_word' id='word_1_269' title='bbox 658 3376 690 3429; x_wconf 88' lang='grc'>16</span> <span class='ocrx_word' id='word_1_270' title='bbox 711 3376 833 3440; x_wconf 68' lang='lat' dir='ltr'>cenauit·</span> <span class='ocrx_word' id='word_1_271' title='bbox 853 3378 884 3441; x_wconf 88' lang='lat' dir='ltr'>(a.</span> <span class='ocrx_word' id='word_1_272' title='bbox 904 3374 985 3441; x_wconf 90' lang='lat' dir='ltr'>uidit)</span> <span class='ocrx_word' id='word_1_273' title='bbox 1005 3375 1033 3428; x_wconf 91' lang='lat' dir='ltr'><strong><em>B</em></strong></span> <span class='ocrx_word' id='word_1_274' title='bbox 1050 3375 1130 3428; x_wconf 87' lang='lat' dir='ltr'>nouit</span> <span class='ocrx_word' id='word_1_275' title='bbox 1148 3374 1182 3429; x_wconf 80' lang='lat' dir='ltr'>P‘</span> <span class='ocrx_word' id='word_1_276' title='bbox 1239 3376 1272 3429; x_wconf 83' lang='grc'>17</span> <span class='ocrx_word' id='word_1_277' title='bbox 1290 3378 1369 3445; x_wconf 84' lang='lat' dir='ltr'>pater</span> 
     </span>
     <span class='ocr_line' id='line_1_29' title="bbox 219 3464 1369 3534; baseline 0 -18"><span class='ocrx_word' id='word_1_278' title='bbox 219 3464 274 3517; x_wconf 79' lang='lat' dir='ltr'>BC</span> <span class='ocrx_word' id='word_1_279' title='bbox 289 3467 422 3534; x_wconf 89' lang='lat' dir='ltr'>patremm</span> <span class='ocrx_word' id='word_1_280' title='bbox 440 3464 468 3518; x_wconf 91' lang='lat' dir='ltr'><em>P</em></span> <span class='ocrx_word' id='word_1_281' title='bbox 485 3467 563 3534; x_wconf 74' lang='lat' dir='ltr'>patre</span> <span class='ocrx_word' id='word_1_282' title='bbox 582 3464 612 3517; x_wconf 92' lang='lat' dir='ltr'><em>D</em></span> <span class='ocrx_word' id='word_1_283' title='bbox 630 3470 656 3518; x_wconf 80' lang='lat' dir='ltr'>et</span> <span class='ocrx_word' id='word_1_284' title='bbox 675 3468 763 3533; x_wconf 81' lang='lat' dir='ltr'>(puter</span> <span class='ocrx_word' id='word_1_285' title='bbox 782 3469 862 3530; x_wconf 82' lang='lat' dir='ltr'>cerr.)</span> <span class='ocrx_word' id='word_1_286' title='bbox 882 3464 916 3517; x_wconf 81' lang='lat' dir='ltr'>P‘</span> <span class='ocrx_word' id='word_1_287' title='bbox 989 3464 1124 3534; x_wconf 85' lang='lat' dir='ltr'>sapientia</span> <span class='ocrx_word' id='word_1_288' title='bbox 1141 3466 1169 3519; x_wconf 91' lang='lat' dir='ltr'><em>P</em></span> <span class='ocrx_word' id='word_1_289' title='bbox 1232 3464 1265 3517; x_wconf 89' lang='lat'>18</span> <span class='ocrx_word' id='word_1_290' title='bbox 1284 3464 1323 3517; x_wconf 91' lang='lat' dir='ltr'>nil</span> <span class='ocrx_word' id='word_1_291' title='bbox 1341 3464 1369 3517; x_wconf 83' lang='grc' dir='ltr'><strong>Β</strong></span> 
     </span>
     <span class='ocr_line' id='line_1_30' title="bbox 221 3553 1367 3623; baseline 0 -17"><span class='ocrx_word' id='word_1_292' title='bbox 221 3554 241 3617; x_wconf 92' lang='lat' dir='ltr'>(i</span> <span class='ocrx_word' id='word_1_293' title='bbox 259 3569 280 3608; x_wconf 81' lang='lat' dir='ltr'>s.</span> <span class='ocrx_word' id='word_1_294' title='bbox 299 3558 339 3618; x_wconf 80' lang='lat' dir='ltr'>u.)</span> <span class='ocrx_word' id='word_1_295' title='bbox 415 3555 446 3608; x_wconf 87' lang='lat'>19</span> <span class='ocrx_word' id='word_1_296' title='bbox 466 3554 527 3621; x_wconf 85' lang='lat' dir='ltr'>uns]</span> <span class='ocrx_word' id='word_1_297' title='bbox 548 3555 575 3606; x_wconf 91' lang='lat' dir='ltr'>tc</span> <span class='ocrx_word' id='word_1_298' title='bbox 594 3553 659 3607; x_wconf 82' lang='lat' dir='ltr'>DP‘</span> <span class='ocrx_word' id='word_1_299' title='bbox 732 3554 766 3607; x_wconf 84' lang='lat'>20</span> <span class='ocrx_word' id='word_1_300' title='bbox 786 3553 922 3622; x_wconf 85' lang='lat' dir='ltr'>sapientia</span> <span class='ocrx_word' id='word_1_301' title='bbox 940 3554 968 3606; x_wconf 95' lang='lat' dir='ltr'><em>P</em></span> <span class='ocrx_word' id='word_1_302' title='bbox 985 3554 1011 3623; x_wconf 76' lang='lat' dir='ltr'>(a</span> <span class='ocrx_word' id='word_1_303' title='bbox 1032 3555 1081 3607; x_wconf 84' lang='lat' dir='ltr'>alt.</span> <span class='ocrx_word' id='word_1_304' title='bbox 1099 3571 1121 3608; x_wconf 83' lang='lat' dir='ltr'>a.</span> <span class='ocrx_word' id='word_1_305' title='bbox 1139 3555 1180 3621; x_wconf 79' lang='lat' dir='ltr'>u.)</span> <span class='ocrx_word' id='word_1_306' title='bbox 1257 3556 1299 3606; x_wconf 86' lang='lat' dir='ltr'>est</span> <span class='ocrx_word' id='word_1_307' title='bbox 1318 3554 1367 3607; x_wconf 79' lang='lat' dir='ltr'>cli.</span> 
     </span>
     <span class='ocr_line' id='line_1_31' title="bbox 220 3629 1369 3698; baseline 0.003 -6"><span class='ocrx_word' id='word_1_308' title='bbox 220 3658 270 3693; x_wconf 77' lang='lat' dir='ltr'>ann</span> <span class='ocrx_word' id='word_1_309' title='bbox 289 3641 354 3695; x_wconf 79' lang='lat' dir='ltr'>DP‘</span> <span class='ocrx_word' id='word_1_310' title='bbox 422 3640 590 3697; x_wconf 81' lang='lat' dir='ltr'>EXPLICIT</span> <span class='ocrx_word' id='word_1_311' title='bbox 609 3640 819 3697; x_wconf 81' lang='lat' dir='ltr'>TRACTATUS</span> <span class='ocrx_word' id='word_1_312' title='bbox 839 3629 897 3698; x_wconf 66' lang='lat' dir='ltr'>S-CI</span> <span class='ocrx_word' id='word_1_313' title='bbox 912 3640 1090 3697; x_wconf 82' lang='lat' dir='ltr'>AMBROSII</span> <span class='ocrx_word' id='word_1_314' title='bbox 1108 3642 1157 3695; x_wconf 91' lang='lat' dir='ltr'>DE</span> <span class='ocrx_word' id='word_1_315' title='bbox 1176 3642 1369 3696; x_wconf 87' lang='lat' dir='ltr'>INTERPEL·</span> 
     </span>
     <span class='ocr_line' id='line_1_32' title="bbox 219 3716 1368 3787; baseline -0.002 -3"><span class='ocrx_word' id='word_1_316' title='bbox 219 3730 355 3785; x_wconf 82' lang='lat' dir='ltr'>LATION</span> <span class='ocrx_word' id='word_1_317' title='bbox 358 3731 381 3785; x_wconf 90' lang='lat' dir='ltr'>E</span> <span class='ocrx_word' id='word_1_318' title='bbox 395 3716 537 3787; x_wconf 74' lang='lat' dir='ltr'>SCIIOB.</span> <span class='ocrx_word' id='word_1_319' title='bbox 555 3730 694 3787; x_wconf 81' lang='lat' dir='ltr'>INCIPIT</span> <span class='ocrx_word' id='word_1_320' title='bbox 709 3730 918 3787; x_wconf 78' lang='lat' dir='ltr'>TRACTATL&#39;S</span> <span class='ocrx_word' id='word_1_321' title='bbox 936 3719 1168 3787; x_wconf 60' lang='lat' dir='ltr'>§cinnanum</span> <span class='ocrx_word' id='word_1_322' title='bbox 1182 3731 1231 3784; x_wconf 89' lang='lat' dir='ltr'>DE</span> <span class='ocrx_word' id='word_1_323' title='bbox 1244 3729 1368 3784; x_wconf 80' lang='lat' dir='ltr'>INTER-</span> 
     </span>
     <span class='ocr_line' id='line_1_33' title="bbox 219 3818 1368 3875; baseline 0 -3"><span class='ocrx_word' id='word_1_324' title='bbox 219 3818 449 3874; x_wconf 79' lang='lat' dir='ltr'>PELLATIONE</span> <span class='ocrx_word' id='word_1_325' title='bbox 472 3820 587 3875; x_wconf 85' lang='lat' dir='ltr'>DAUID</span> <span class='ocrx_word' id='word_1_326' title='bbox 606 3820 634 3873; x_wconf 93' lang='lat' dir='ltr'><em>P</em></span> <span class='ocrx_word' id='word_1_327' title='bbox 655 3818 825 3875; x_wconf 82' lang='lat' dir='ltr'><strong>EXPLICIT</strong></span> <span class='ocrx_word' id='word_1_328' title='bbox 848 3820 897 3874; x_wconf 90' lang='lat' dir='ltr'>DE</span> <span class='ocrx_word' id='word_1_329' title='bbox 920 3820 984 3875; x_wconf 91' lang='grc' dir='ltr'>1οΒ</span> <span class='ocrx_word' id='word_1_330' title='bbox 1007 3820 1054 3875; x_wconf 85' lang='lat' dir='ltr'>ET</span> <span class='ocrx_word' id='word_1_331' title='bbox 1072 3820 1120 3873; x_wconf 85' lang='lat' dir='ltr'>DE</span> <span class='ocrx_word' id='word_1_332' title='bbox 1140 3818 1296 3873; x_wconf 83' lang='lat' dir='ltr'>HOMINIS</span> <span class='ocrx_word' id='word_1_333' title='bbox 1314 3819 1368 3872; x_wconf 89' lang='lat' dir='ltr'>IN·</span> 
     </span>
     <span class='ocr_line' id='line_1_34' title="bbox 219 3906 1368 3963; baseline 0 -3"><span class='ocrx_word' id='word_1_334' title='bbox 219 3906 425 3961; x_wconf 80' lang='lat' dir='ltr'>FIRIHTATE.</span> <span class='ocrx_word' id='word_1_335' title='bbox 445 3906 584 3963; x_wconf 84' lang='lat' dir='ltr'>INCIPIT</span> <span class='ocrx_word' id='word_1_336' title='bbox 603 3906 766 3962; x_wconf 84' lang='lat' dir='ltr'>EIUSDEM</span> <span class='ocrx_word' id='word_1_337' title='bbox 785 3908 833 3962; x_wconf 87' lang='lat' dir='ltr'>DE</span> <span class='ocrx_word' id='word_1_338' title='bbox 852 3908 967 3962; x_wconf 81' lang='lat' dir='ltr'>DAUID</span> <span class='ocrx_word' id='word_1_339' title='bbox 987 3906 1328 3963; x_wconf 78' lang='lat' dir='ltr'>INTERPELLATIONE</span> <span class='ocrx_word' id='word_1_340' title='bbox 1343 3908 1368 3959; x_wconf 85' lang='grc' dir='ltr'><strong>Β</strong></span> 
     </span>
     <span class='ocr_line' id='line_1_35' title="bbox 219 3984 1368 4052; baseline 0 -3"><span class='ocrx_word' id='word_1_341' title='bbox 219 3994 386 4050; x_wconf 80' lang='lat' dir='ltr'>EXPLICIT</span> <span class='ocrx_word' id='word_1_342' title='bbox 399 3994 609 4051; x_wconf 79' lang='lat' dir='ltr'>TRACTATUS</span> <span class='ocrx_word' id='word_1_343' title='bbox 619 3984 681 4052; x_wconf 72' lang='lat' dir='ltr'>SCI</span> <span class='ocrx_word' id='word_1_344' title='bbox 696 3998 871 4052; x_wconf 83' lang='lat' dir='ltr'>AMBROSII</span> <span class='ocrx_word' id='word_1_345' title='bbox 884 3998 933 4052; x_wconf 91' lang='lat' dir='ltr'>DE</span> <span class='ocrx_word' id='word_1_346' title='bbox 947 3994 1296 4052; x_wconf 81' lang='lat' dir='ltr'>INTERPELLATIONE.</span> <span class='ocrx_word' id='word_1_347' title='bbox 1314 3996 1368 4049; x_wconf 88' lang='lat' dir='ltr'>IN·</span> 
     </span>
     <span class='ocr_line' id='line_1_36' title="bbox 221 4072 1368 4141; baseline 0.001 -4"><span class='ocrx_word' id='word_1_348' title='bbox 221 4082 317 4138; x_wconf 89' lang='lat' dir='ltr'>CIPIT</span> <span class='ocrx_word' id='word_1_349' title='bbox 340 4083 548 4140; x_wconf 76' lang='lat' dir='ltr'>TRACTATUS</span> <span class='ocrx_word' id='word_1_350' title='bbox 572 4084 734 4141; x_wconf 79' lang='lat' dir='ltr'>EIUSDEM</span> <span class='ocrx_word' id='word_1_351' title='bbox 755 4087 803 4140; x_wconf 89' lang='lat' dir='ltr'>DE</span> <span class='ocrx_word' id='word_1_352' title='bbox 823 4086 1166 4141; x_wconf 79' lang='lat' dir='ltr'>INTERPELLATIONE</span> <span class='ocrx_word' id='word_1_353' title='bbox 1184 4072 1282 4140; x_wconf 74' lang='lat' dir='ltr'>DDC</span> <span class='ocrx_word' id='word_1_354' title='bbox 1306 4084 1368 4139; x_wconf 81' lang='lat' dir='ltr'>EX·</span> 
     </span>
     <span class='ocr_line' id='line_1_37' title="bbox 220 4162 1368 4231; baseline 0.003 -6"><span class='ocrx_word' id='word_1_355' title='bbox 220 4170 340 4225; x_wconf 89' lang='lat' dir='ltr'>PLICIT</span> <span class='ocrx_word' id='word_1_356' title='bbox 359 4172 568 4228; x_wconf 75' lang='lat' dir='ltr'>TR-ACTATUS</span> <span class='ocrx_word' id='word_1_357' title='bbox 583 4174 632 4227; x_wconf 88' lang='lat' dir='ltr'>DE</span> <span class='ocrx_word' id='word_1_358' title='bbox 644 4174 989 4229; x_wconf 81' lang='lat' dir='ltr'>INTER-PELLATIONE</span> <span class='ocrx_word' id='word_1_359' title='bbox 1005 4162 1064 4229; x_wconf 55' lang='lat' dir='ltr'>SM</span> <span class='ocrx_word' id='word_1_360' title='bbox 1075 4174 1137 4229; x_wconf 91' lang='lat' dir='ltr'>IOB</span> <span class='ocrx_word' id='word_1_361' title='bbox 1151 4174 1199 4229; x_wconf 85' lang='lat' dir='ltr'>ET</span> <span class='ocrx_word' id='word_1_362' title='bbox 1213 4174 1368 4231; x_wconf 81' lang='lat' dir='ltr'>HOMINIS</span> 
     </span>
     <span class='ocr_line' id='line_1_38' title="bbox 219 4258 1368 4334; baseline 0.003 -21"><span class='ocrx_word' id='word_1_363' title='bbox 219 4258 466 4315; x_wconf 79' lang='lat' dir='ltr'>INEIRMITATE.</span> <span class='ocrx_word' id='word_1_364' title='bbox 493 4260 630 4317; x_wconf 82' lang='lat' dir='ltr'>INCIPIT</span> <span class='ocrx_word' id='word_1_365' title='bbox 649 4262 749 4329; x_wconf 86' lang='lat' dir='ltr'>(ITEM</span> <span class='ocrx_word' id='word_1_366' title='bbox 768 4262 814 4334; x_wconf 76' lang='lat' dir='ltr'>P)</span> <span class='ocrx_word' id='word_1_367' title='bbox 833 4262 1042 4317; x_wconf 76' lang='lat' dir='ltr'>TRACTATUS</span> <span class='ocrx_word' id='word_1_368' title='bbox 1061 4263 1109 4316; x_wconf 89' lang='lat' dir='ltr'>DE</span> <span class='ocrx_word' id='word_1_369' title='bbox 1128 4262 1368 4317; x_wconf 79' lang='lat' dir='ltr'>INTnuPuLLn-</span> 
     </span>
     <span class='ocr_line' id='line_1_39' title="bbox 220 4347 595 4404; baseline 0.008 -3"><span class='ocrx_word' id='word_1_370' title='bbox 220 4347 331 4403; x_wconf 87' lang='lat' dir='ltr'>TIONE</span> <span class='ocrx_word' id='word_1_371' title='bbox 350 4349 511 4403; x_wconf 83' lang='lat' dir='ltr'>EIUSDEM</span> <span class='ocrx_word' id='word_1_372' title='bbox 533 4350 595 4404; x_wconf 73' lang='grc' dir='ltr'>ΒΡ</span> 
     </span>
    </p>
   </div>
   <div class='ocr_carea' id='block_1_5' title="bbox 0 0 1556 4967">
    <p class='ocr_par' dir='ltr' id='par_1_7' title="bbox 0 0 1556 4967">
     <span class='ocr_line' id='line_1_40' title="bbox 0 0 1556 4967; baseline 0 0"><span class='ocrx_word' id='word_1_373' title='bbox 0 0 1556 4967; x_wconf 95' lang='lat' dir='ltr'> </span> 
     </span>
    </p>
   </div>
  </div>
 </body>
</html>
