3100 4967
204 424 297 489 ΧΠΠ
669 421 888 477 Praefatio.

205 618 321 699 potuit,
346 636 461 701 magno
485 615 637 699 temporis
662 616 765 698 spatio
790 614 862 679 inde
886 616 925 681 ab
949 635 977 681 a.
1003 616 1227 683 CCCLXXVII
1251 635 1352 699 usque

205 723 244 787 ad
279 743 305 787 a.
340 720 608 788 CCCLXXXXVI
641 722 812 804 conscripti
845 725 931 787 sunt.
943 722 968 809 ¹)
1001 722 1032 787 in
1056 724 1165 789 libello
1204 722 1248 787 de
1285 722 1353 787 Na-

204 830 354 893 buthae
379 828 531 911 temporis
555 826 708 892 indicium
733 828 857 892 nullum
877 832 971 896 extat.
990 829 1207 894 Maunnolum
1231 833 1264 893 et
1281 830 1353 893 Bul-

206 934 310 1000 lerinii
334 935 531 1000 coniecturas
554 936 707 999 refutauit
730 934 812 1010 Ihm,
836 935 891 1017 qui
910 935 1008 999 simul
1031 954 1091 1000 non
1114 936 1222 1019 inepte
1247 938 1353 1019 suspi-

206 1046 297 1107 catus
327 1045 377 1106 est
403 1041 463 1107 hoc
493 1042 681 1125 opusculum
707 1040 818 1105 eodem
842 1060 905 1123 quo
928 1041 1072 1105 libellum
1097 1041 1136 1105 de
1158 1042 1253 1106 Helia
1274 1046 1355 1107 tem-

206 1168 280 1233 pore
295 1150 400 1212 ortum
417 1166 487 1211 esse
501 1151 629 1232 propter
648 1148 806 1231 quandam
825 1149 1004 1233 argumenti
1023 1150 1212 1231 generisque
1230 1148 1353 1213 dicendi

205 1255 459 1319 similitudinem.
473 1254 498 1339 ²)
522 1254 607 1319 idem
631 1255 710 1319 scite
735 1253 914 1335 disputauit
932 1253 970 1317 de
987 1253 1069 1320 libro
1089 1254 1144 1338 qui
1167 1254 1206 1319 de
1229 1254 1354 1319 Tobia

205 1362 390 1427 inscribitur
422 1380 557 1443 eumque
590 1363 664 1442 post
692 1360 863 1443 epistulam
892 1359 1017 1424 XVIIII
1044 1358 1083 1424 ad
1109 1360 1264 1445 Uigilinm
1289 1361 1353 1443 epi-

207 1486 340 1550 scopum
364 1467 582 1532 [tridentinum
607 1487 634 1532 a.
660 1466 882 1533 CCCLXXXV
907 1467 1024 1543 datam,
1049 1468 1264 1550 quaerendem
1287 1486 1352 1531 rem

208 1572 306 1638 simili
334 1572 428 1638 modo
457 1572 610 1637 tractauit
631 1572 820 1637 Ambrosius
848 1590 904 1637 nec
933 1576 1039 1637 tamen
1067 1572 1170 1637 libelli
1193 1573 1232 1637 de
1255 1573 1355 1639 Tobia

206 1679 398 1744 mentionem
422 1679 508 1755 fecit,
533 1678 712 1744 confectum
737 1697 807 1743 esse
831 1678 955 1745 statuit.
967 1677 993 1765 ³)
1017 1698 1097 1761 quae
1116 1679 1271 1744 sententia
1290 1700 1354 1744 me-

206 1786 305 1850 iorem
334 1785 401 1849 sine
430 1784 524 1849 dubio
554 1784 621 1849 ueri
650 1784 789 1866 speciem
813 1784 909 1848 habet
932 1802 1027 1865 quam
1050 1784 1084 1849 id
1108 1786 1193 1868 quod
1215 1786 1354 1850 llaurini

207 1892 328 1974 opinati
356 1894 433 1956 sunt
455 1891 661 1957 Ambrosium
690 1892 829 1974 epistula
850 1891 907 1956 illa
930 1911 967 1956 ea
990 1912 1070 1974 quae
1096 1892 1250 1975 peculiari
1272 1893 1354 1958 libro

207 1998 406 2081 exposuisset
427 1997 566 2062 breuiter
588 1997 763 2081 repetiisse.
783 1998 878 2076 unde,
898 2017 972 2062 cum
992 1996 1184 2077 Chunorum,
1204 1998 1259 2080 qui
1279 2000 1354 2076 540,

207 2107 227 2170 8
253 2108 548 2181 commemorantur,
572 2123 685 2170 nomen
710 2124 738 2169 a.
763 2104 973 2170 CCCLXXVI
995 2105 1114 2189 populo
1133 2104 1274 2168 Romano
1292 2105 1356 2186 pri-

205 2231 295 2276 mum
318 2210 521 2285 innotuisset,
546 2213 717 2275 tractatum
742 2211 780 2276 do
804 2210 904 2276 'lobia
927 2211 967 2276 ad
989 2231 1017 2276 a.
1041 2212 1106 2276 fere
1131 2211 1355 2276 CCCLXXVII

205 2317 320 2382 referre
344 2318 524 2383 noluerunt.

752 2720 809 2785 III.

253 3020 456 3103 Disputaturi
488 3018 548 3085 lroe
582 3018 685 3106 capite
719 3019 756 3083 de
788 3018 942 3083 librorum
970 3018 1025 3102 qui
1052 3020 1083 3083 in
1111 3018 1171 3084 hoc
1195 3019 1356 3085 uolumine

207 3128 318 3191 insunt
340 3126 571 3210 compositione
596 3144 631 3189 ao
662 3125 804 3190 fontibus
829 3145 847 3189 o
869 3125 959 3190 libris
994 3125 1039 3190 de
1072 3125 1193 3191 Ieoob
1226 3130 1258 3191 ot
1289 3128 1357 3191 uita

207 3234 301 3298 beata
320 3232 488 3311 ordiamur,
507 3232 539 3297 in
559 3232 675 3314 quibus
689 3231 894 3297 Ambrosium
913 3232 1105 3315 opusculum
1122 3230 1202 3298 falso
1220 3232 1356 3317 Iosepho

255 3406 275 3475 ¹)
295 3406 328 3460 de
348 3406 428 3460 Helia
447 3405 571 3475 exposuit
590 3403 623 3460 de
644 3406 687 3459 off.
707 3405 779 3469 114,
801 3406 834 3459 14
852 3408 881 3459 et
899 3423 989 3476 expos.
1008 3406 1037 3459 ln
1057 3420 1153 3475 oneng.
1172 3404 1263 3459 Lucae
1282 3404 1358 3471 136,

208 3495 275 3550 VIII
300 3496 333 3550 96
360 3498 515 3563 (utrumque
538 3510 605 3563 opus
624 3510 648 3548 e.
669 3492 874 3549 CCCLXXXII
891 3495 1021 3563 scriptum
1040 3494 1101 3564 eet),
1121 3494 1155 3547 de
1173 3492 1264 3547 uiduis
1284 3493 1356 3558 1,3;

208 3586 234 3641 3.
255 3586 297 3645 14,
318 3585 364 3653 qui
387 3582 456 3637 liber
480 3582 514 3636 ad
539 3600 561 3640 n.
583 3582 775 3638 cccuxxvn
793 3583 950 3637 referendus
970 3588 1020 3647 est,
1040 3583 1074 3638 de
1092 3583 1159 3653 fuga
1178 3598 1249 3639 saec.
1267 3584 1294 3649 6,
1312 3582 1356 3638 34.

209 3672 243 3726 de
266 3689 319 3743 quo
343 3671 437 3725 libello
460 3671 540 3725 modo
565 3670 666 3726 dictum
692 3675 741 3735 est,
766 3673 845 3741 epist.
868 3673 911 3735 63,
937 3672 970 3726 75
993 3689 1018 3725 a.
1038 3670 1266 3727 CCCLXXXXVI
1285 3688 1357 3725 com-

209 3762 307 3831 positu,
331 3760 448 3829 denique
472 3761 550 3830 epist.
575 3760 618 3823 38,
639 3760 663 3825 7,
684 3777 751 3829 qnae
775 3776 828 3829 qno
851 3763 974 3829 tempore
997 3760 1121 3815 confecta
1139 3760 1177 3814 sit
1195 3759 1357 3829 ignoremus.

255 3848 276 3915 ²)
298 3848 376 3903 stud.
396 3848 519 3902 Imbros.
538 3849 582 3905 20.

255 3939 276 4005 ³)
296 3936 374 3992 Stud.
393 3936 516 3993 Ambroe.
537 3940 578 3991 19.
602 3938 775 4007 impugnnnit
797 3937 866 3990 hanc
889 3938 1054 3991 sententiam
1073 3938 1094 3992 I.
1114 3937 1224 3991 Kellner
1243 3938 1269 3990 iu
1289 3936 1358 3990 libro

209 4029 256 4097 qui
275 4026 433 4081 inseribItur
452 4026 516 4081 ‘Der
534 4026 560 4081 h.
580 4026 737 4080 Ambrosius
752 4026 793 4079 uls
806 4026 933 4080 Erkltrer
947 4026 994 4080 dos
1007 4026 1081 4079 elten
1095 4026 1178 4080 Test'
1193 4024 1358 4078 Ratisbonee

210 4134 234 4170 a.
255 4116 325 4170 1893
348 4114 421 4169 edIto
446 4133 471 4185 p.
497 4116 555 4177 123,
581 4112 628 4167 sed
652 4113 724 4184 quod
749 4115 865 4185 protulit
884 4118 1081 4183 argumentum,
1099 4113 1251 4177 Ambrosio,
1270 4112 1358 4182 prius·

210 4221 290 4275 quem
306 4204 438 4274 Uigilium
459 4203 491 4257 ad
511 4204 605 4257 foenus
624 4203 746 4272 iniquum
765 4202 953 4257 insectandum
973 4204 1110 4264 excitaret,
1126 4202 1178 4272 ipsi
1196 4202 1358 4255 toculliones

211 4291 388 4363 exagitandos
413 4292 506 4359 fuisse,
533 4296 605 4346 certe
631 4308 683 4345 non
709 4292 847 4355 maiorem,
874 4292 956 4345 immo
987 4290 1125 4344 minimam
1154 4290 1212 4344 ueri
1240 4290 1358 4359 speciem

208 4381 302 4436 habet.
