3100 4967
366 412 408 466 De
428 412 527 482 Ioseph
546 414 571 476 5,
591 413 634 466 23.
653 413 688 466 24
725 413 750 474 tl
769 415 819 468 491
839 414 951 468 E-rea
970 413 1013 483 E).
1223 417 1265 481 89

123 608 228 673 uxori
264 607 417 671 domini
451 608 525 674 sui.
559 611 646 672 recte
679 627 757 672 uxor
791 607 921 681 domini,
951 627 1012 674 non
1040 608 1110 690 ipsa
1139 607 1266 672 domina

124 715 243 791 dicitur,
278 733 357 796 quae
390 733 451 779 non
485 715 592 797 potuit
624 717 810 797 extorquere
840 715 925 799 qnod
953 717 1058 780 uoluit
1084 716 1264 798 impetrare.

122 841 188 886 nam
212 820 373 904 quomodo
397 821 535 898 domina,
560 841 640 903 quae
664 822 848 888 dominandi
867 841 928 886 uon
948 823 1086 887 habebat
1105 823 1263 898 effectum,

96 1034 276 1099 sincentiua
302 1035 510 1117 praestabat?
537 1035 592 1098 ille
622 1035 779 1110 dominus,
810 1036 863 1119 qui
893 1039 1028 1102 amantis
1058 1056 1118 1101 non
1143 1037 1265 1117 excepit

119 1143 210 1218 faces,
234 1141 290 1223 qui
313 1141 524 1207 lenocinantis
548 1142 679 1207 uincula
701 1162 763 1207 non
789 1144 898 1220 sensit,
923 1163 1017 1226 quern
1041 1145 1130 1208 nulla
1152 1143 1263 1208 mortis

119 1247 245 1313 formido
262 1249 444 1331 perterruit,
461 1249 515 1330 qui
529 1250 645 1314 maluit
658 1251 739 1314 liber
753 1250 894 1316 criminis
905 1251 985 1316 mori
996 1269 1089 1332 quarn
1100 1251 1263 1332 potentiae
1286 1251 1307 1308 C

120 1355 302 1420 criminosae
331 1355 449 1438 eligere
478 1355 685 1421 consortium.
715 1357 770 1420 iile
803 1356 884 1421 liber·
917 1357 971 1439 qui
1003 1361 1096 1440 turpe
1129 1356 1264 1420 credidit

119 1463 216 1526 uicem
239 1461 360 1545 gratiae
383 1481 445 1526 non
463 1462 589 1526 referre.
611 1462 746 1546 denique
765 1482 826 1527 non
846 1467 884 1527 ut
902 1463 1113 1528 meticulosus
1133 1465 1263 1528 excusat

84 1587 170 1632 nnec
197 1570 362 1651 tamquam
392 1568 526 1651 periculi
554 1569 687 1633 timidus
718 1573 821 1645 canet,
851 1571 906 1635 sed
931 1574 1094 1652 tamquam
1117 1569 1260 1634 beneficii

120 1676 198 1740 erilis
216 1679 249 1739 et
266 1675 465 1740 innocentiae
486 1695 562 1740 snae
577 1676 702 1741 debitor
717 1677 802 1761 fugit
816 1678 932 1742 crimen
947 1677 1062 1761 ingrati
1077 1678 1262 1760 pennatique

117 1782 214 1846 labem
246 1785 280 1846 et
312 1783 424 1864 cnlpae
458 1783 642 1867 contagium
677 1783 768 1865 quasi
801 1784 907 1848 iustus
936 1785 1100 1848 horrescit.
1130 1785 1261 1848 tertium

119 1889 272 1970 spiculum
315 1889 458 1953 adultera
499 1888 720 1970 interpellandi
764 1889 958 1953 adsiduitate
1000 1889 1156 1954 uibrabat.
1205 1891 1261 1953 sed

118 1995 225 2079 Ioseph
240 2013 303 2064 nou
322 1996 473 2060 audiebat
491 2014 569 2060 eam.
591 1996 689 2060 babes
707 2000 784 2077 post
801 1997 903 2078 prima
922 1996 1020 2061 uerba
1039 1996 1115 2079 quid
1134 2015 1259 2060 caueas

85 2121 174 2167 naon
202 2103 309 2167 solum
337 2102 470 2180 lubrica,
500 2101 556 2166 sed
585 2103 681 2166 etiarn
709 2120 824 2185 procax
847 2103 1016 2185 inportuna
1038 2103 1186 2186 petulcus
1211 2105 1302 2166 estD

118 2209 220 2286 libido,
257 2227 316 2273 nec
352 2207 450 2272 habet
488 2208 573 2291 quod
610 2213 759 2273 uereatur
792 2209 943 2272 adultera.
979 2228 1058 2291 quae
1092 2208 1257 2290 dispendia

119 2316 239 2396 pudoris
262 2316 366 2398 prinra
388 2335 449 2380 non
474 2315 578 2380 doluit
599 2314 780 2391 insidiatur,
805 2319 842 2379 ut
866 2316 980 2396 capiat.

53 2413 83 2476 24
160 2423 298 2504 Denique
326 2421 423 2486 officii
452 2423 503 2485 sui
532 2427 565 2486 et
593 2423 756 2487 commissi
786 2425 926 2487 muneris
954 2423 1132 2506 ingressum
1157 2423 1259 2506 gratia

120 2529 239 2594 remotis
256 2529 383 2594 arbitris
403 2548 439 2592 ac
459 2528 645 2594 domesticis
664 2529 872 2612 adprehendit
892 2549 962 2593 eum
984 2529 1109 2594 dicens:
1131 2528 1258 2593 dormi

83 2653 106 2694 no
121 2655 271 2702 mecum.
292 2638 462 2701 excusatur
474 2636 592 2718 Ioseph
610 2636 786 2719 scripturae
804 2637 997 2714 testimonio,
1019 2636 1092 2719 quia
1111 2635 1257 2701 commis·

123 2758 187 2805 sum
213 2762 230 2807 a
257 2742 385 2808 domino
415 2743 557 2807 deserere
586 2744 738 2825 nequibat
761 2743 961 2824 obsequium.
987 2742 1153 2808 nonenim
1179 2741 1256 2806 satis

124 2851 271 2930 estquod
300 2869 433 2914 securus
462 2850 512 2913 sui
546 2849 661 2914 domus
694 2849 844 2914 interiora
877 2850 968 2931 quasi
1002 2850 1056 2931 qui
1090 2849 1160 2932 capi
1194 2867 1255 2912 non

122 2960 219 3035 posset
231 2957 396 3040 ingressus
412 2959 480 3020 est:
495 2957 602 3020 iustus
618 2956 729 3020 debuit
742 2957 920 3039 prouidere,
940 2975 978 3020 ne
997 2956 1113 3020 furenti
1133 2955 1255 3037 copiam
1276 2961 1296 3015 b
1402 2961 1407 2970 ’

123 3059 200 3125 daret
217 3067 249 3126 et
266 3063 336 3126 eius
355 3063 412 3126 illa
429 3066 560 3145 peccato
580 3063 706 3145 periret.
727 3062 784 3127 sed
803 3062 858 3144 qni
877 3062 1038 3128 aduersari
1057 3062 1119 3125 sibi
1139 3061 1256 3126 domini

86 3186 108 3224 a
124 3167 165 3229 sui
193 3169 323 3233 nidebat
354 3187 482 3233 uxorem
517 3168 651 3233 neclecti
684 3169 781 3233 officii
815 3168 911 3233 otiam
944 3189 962 3232 a
990 3169 1116 3234 domino
1145 3185 1256 3232 cauere

123 3269 243 3337 debebat
266 3274 429 3339 offensam.
454 3273 551 3337 simul
575 3275 678 3338 adhuc
702 3275 868 3352 sermonis,
893 3295 953 3339 nou
979 3272 1255 3356 conprehensionis

56 3390 87 3453 ‘25
122 3380 241 3459 putabat
263 3381 440 3445 audaciam.
465 3384 635 3445 excusatur
663 3382 746 3463 quod
774 3381 939 3466 ingressus
969 3385 1027 3459 est,
1056 3380 1257 3463 praedicatur·

200 3571 232 3624 13
251 3569 318 3626 Gen.
338 3570 382 3636 39,
402 3570 436 3624 10
492 3571 525 3625 18
545 3569 611 3625 Gen.
631 3572 675 3634 39,
696 3573 727 3626 11
749 3589 789 3640 sq.

153 3695 162 3745 l
182 3695 254 3749 uxori
273 3697 294 3764 (i
313 3696 397 3764 eras.)
416 3695 443 3747 P
459 3712 525 3748 uxor
542 3695 573 3749 D
643 3697 660 3748 2
679 3697 826 3765 impetrare
844 3695 888 3748 P“
908 3696 1039 3766 imperare
1059 3702 1106 3749 cet.
1181 3697 1197 3750 3
1213 3696 1254 3750 at·

121 3779 209 3837 ieotnnr
226 3786 259 3841 81¹
277 3785 358 3856 (corr.
376 3786 434 3853 m2)
452 3784 553 3842 a¹¹ET
641 3785 864 3838 blenocenantis
882 3785 910 3839 B
1018 3785 1108 3838 uincla
1126 3785 1256 3841 PVtP‘D

122 3870 150 3923 10
166 3874 234 3927 canit
252 3873 280 3926 B
298 3879 324 3928 et
342 3874 420 3944 (mar.
439 3875 497 3943 m2)
516 3874 543 3927 P
596 3875 629 3927 la
648 3873 768 3927 horescit
788 3875 813 3926 B
870 3875 902 3928 13
922 3873 1154 3944 interpellandiB
1169 3874 1189 3937 (i
1205 3873 1254 3927 alt.

119 3975 138 4011 s.
153 3969 189 4028 a.)
207 3963 234 4015 P
250 3967 278 4027 (a
297 3979 331 4016 aa
349 3979 363 4016 e
381 3966 439 4028 m2)
549 3963 716 4016 adsiduitate
734 3962 763 4015 P
780 3961 820 4028 (id
839 3980 871 4016 aa
889 3963 934 4030 ua)
1031 3963 1064 4015 15
1083 3962 1209 4031 petulans
1227 3964 1255 4014 B

121 4052 236 4120 (ηιμ.)
292 4051 456 4105 litaniam.
476 4052 503 4105 P
573 4052 693 4105 muneris
711 4052 759 4105 m2
778 4067 810 4105 aa
829 4051 946 4104 numeris
965 4051 992 4104 P
1061 4051 1255 4119 ingressumB

120 4141 141 4202 (s
156 4155 176 4192 s.
193 4146 229 4206 nr)
243 4141 382 4210 ingressus
397 4139 498 4194 PP‘D
512 4147 536 4194 et
550 4145 578 4205 (n
593 4157 661 4195 corr.
676 4144 734 4206 m2)
749 4141 785 4194 P‘
825 4141 857 4194 21
874 4141 1006 4210 nequibat
1020 4139 1142 4193 descrere
1156 4139 1256 4196 ἳῑἝΤ

120 4225 149 4280 ‘24
166 4229 299 4283 etom.P
318 4216 362 4296 (rso
380 4245 401 4282 s.
420 4246 448 4282 a.
466 4231 535 4294 ma),
554 4228 631 4282 neD
680 4230 715 4283 25
733 4229 894 4298 neglectiB
914 4235 944 4298 (g
963 4231 1033 4293 acc)
1050 4233 1096 4282 cet.
1149 4229 1254 4282 26ser·

120 4316 197 4370 uronis
214 4317 241 4370 B
260 4317 279 4382 (i
299 4334 333 4372 aa
351 4322 376 4384 e)
432 4319 466 4370 27
486 4317 658 4387 praedicatur
676 4318 704 4370 B
722 4319 746 4387 (r
760 4334 806 4386 pr.
826 4333 846 4372 s.
866 4317 905 4384 rr.)
