3100 4967
281 392 321 446 De
336 393 471 463 interpell.
481 392 530 447 Iob
546 396 574 447 et
583 394 675 448 Deuid
684 394 727 449 III
737 394 817 463 (llll)
830 397 870 460 11,
881 396 1124 464 29-31,1111(11)
1137 397 1161 462 1,
1174 397 1197 450 1.
1209 398 1226 451 ⁴2
1272 401 1336 464 267

621 468 643 532 (I
664 468 716 521 672
735 468 852 522 D-t37
870 468 913 534 E).

77 620 81 641 ι
189 608 268 671 quae
292 611 390 674 prope
414 610 484 657 esse
508 592 654 669 deberem
679 594 761 677 perit
780 597 886 660 autem
907 594 961 677 qui
980 596 1182 678 separatura
1200 595 1336 660 domiuo.

98 692 136 753 31
186 697 269 761 uude
298 702 439 776 sauctus,
469 700 523 781 qui
552 700 604 765 dei
627 700 783 766 iudicium
804 701 998 779 reformidat,
1023 720 1148 783 semper
1171 701 1338 766 adhaerere

187 803 259 869 uult
284 803 409 871 Christo
435 808 468 869 et
490 806 523 869 in
548 826 585 871 eo
610 826 700 890 spem
720 828 812 873 suam
831 827 957 890 ponere,
977 810 1015 871 ut
1033 807 1143 873 laudet
1162 808 1337 884 domiuum,

187 908 239 973 cui
276 914 327 975 est
362 911 472 987 honor,
511 914 621 997 glorio,
659 916 857 997 perpetuitas
896 934 915 981 c
952 916 1090 980 saeculis
1125 918 1157 979 et
1188 935 1272 981 nunc
1306 919 1339 979 et

156 1034 313 1098 esemper
337 1021 370 1083 et
392 1019 422 1081 in
448 1020 553 1085 omnia
576 1020 704 1085 saecule
728 1023 940 1087 saeculorum.
965 1040 1066 1087 amen.

672 1210 770 1267 <1111>
803 1211 850 1275 (ll.

400 1318 460 1381 DE
483 1216 936 1385 INTERPELLATrliNn
961 1320 1123 1386 DAUID.

77 1439 137 1523 1,1
230 1442 326 1507 Multi
342 1444 471 1526 quidem
486 1444 731 1527 deploruueruut
746 1446 964 1511 infirmitatem
975 1445 1158 1531 fragilitatis
1168 1445 1336 1521 humanae,
1356 1460 1407 1514 637
1422 1460 1472 1514 DE

160 1602 163 1613 .
188 1550 394 1618 excellentius
423 1552 529 1615 temen
558 1551 673 1617 ceteris
698 1555 827 1617 sanctus
851 1552 908 1617 Iob
932 1555 965 1617 et
988 1557 1119 1617 sauctus
1143 1552 1257 1617 Dauid.
1280 1551 1337 1617 ille

142 1680 168 1719 ιο
187 1654 331 1739 superior
354 1656 493 1723 directus
517 1657 690 1723 uehemens
710 1678 782 1723 ucer
800 1662 833 1723 et
852 1660 944 1741 quasi
963 1659 1115 1743 grauibus
1135 1661 1337 1741 exasperatus

188 1760 350 1828 doloribus
374 1764 491 1831 maiore
517 1767 647 1830 coturno
664 1788 671 1829 :
688 1765 739 1829 hic
762 1766 898 1831 blandus
923 1769 956 1831 et
973 1765 1118 1848 placidus
1138 1768 1233 1848 atque
1252 1784 1337 1829 men-

188 1872 310 1947 suetus
330 1870 456 1937 mitiore
476 1870 602 1948 effectu,
624 1876 660 1935 ut
680 1891 753 1937 uere
768 1892 864 1954 quem
878 1872 1068 1937 imitandum
1088 1872 1150 1936 sibi
1169 1871 1338 1954 proposuit

188 1976 275 2041 cerui
293 1976 472 2043 imitaretur
491 1978 648 2043 affectum.
669 1998 727 2043 nec
746 1987 780 2043 te
798 1982 938 2057 moueat,
958 1979 986 2043 si
1005 1982 1131 2043 tentum
1149 1967 1337 2062 prophetam

187 2082 271 2149 ferae
295 2084 504 2149 similitudine
531 2085 639 2149 uidear
662 2085 854 2168 praedicere,
879 2105 953 2151 cum
975 2086 1092 2170 legeris
1115 2086 1155 2150 ed
1174 2083 1336 2167 apostolos
1356 2090 1379 2143 F

144 2188 329 2255 redictum:
365 2193 500 2257 estote
539 2194 672 2257 astuti
710 2192 822 2257 sicut
859 2198 1083 2275 serpentes
1122 2191 1337 2275 simplices

120 2296 141 2365 2
189 2296 299 2361 sicut
319 2297 538 2363 columboe.
559 2299 614 2363 sed
628 2302 733 2365 tamen
749 2300 897 2382 quemuis
912 2298 1096 2365 istiusmodi
1110 2297 1337 2364 similitudines

186 2402 250 2485 piis
284 2402 490 2469 adstruantur
521 2406 674 2488 exemplis
707 2406 814 2489 sitque
846 2407 997 2472 innocens
1031 2409 1063 2469 et
1097 2406 1186 2470 mitis
1224 2406 1339 2469 natura

189 2527 365 2588 censorum,
388 2512 481 2577 illum
505 2531 633 2577 coruum
659 2512 697 2577 erl
715 2513 928 2578 imitationem
946 2513 1118 2596 prophetae
1136 2512 1337 2594 propositum

188 2617 249 2681 hoo
277 2618 348 2683 loco
376 2619 521 2697 arbitror,
551 2620 589 2683 de
619 2640 680 2703 quo
706 2618 858 2685 Solomou
881 2623 1031 2702 paternae
1055 2620 1171 2683 mentis
1195 2618 1338 2683 adsertor

144 2747 171 2787 ro
189 2722 220 2787 iu
240 2724 423 2791 Pronerbiis
443 2726 541 2791 dixit:
562 2746 707 2793 ceruus
727 2726 939 2792 amicitiae
963 2730 1003 2791 et
1024 2727 1166 2810 pullus
1191 2725 1337 2809 gretia·

190 2851 274 2895 rum
308 2833 600 2898 confabuletur
627 2834 716 2898 tibi.
746 2852 842 2898 uerus
871 2833 954 2897 enim
983 2832 1034 2897 dei
1062 2833 1148 2897 filius
1176 2833 1208 2897 iu
1237 2834 1339 2897 semet

279 3076 296 3129 2
321 3076 420 3129 Psulrn.
439 3074 539 3129 LXXII
559 3075 593 3129 '28
668 3077 700 3130 13
724 3074 822 3129 Psuhn.
843 3074 992 3129 XXXX12
1066 3077 1099 3130 15
1123 3075 1220 3129 north.
1241 3075 1284 3140 10,
1306 3077 1338 3129 16

192 3164 226 3219 20
245 3157 373 3220 Prouerbs
393 3168 417 3227 5,
439 3166 472 3219 19

227 3338 243 3392 2
267 3356 373 3409 semper
390 3338 549 3393 relormidet
568 3356 673 3409 semper
690 3339 718 3391 Β
790 3340 808 3393 4
834 3342 863 3392 et
881 3338 968 3407 gloria
986 3339 1014 3392 Β
1086 3340 1102 3393 5
1131 3340 1293 3399 seculorum
1312 3340 1341 3393 P

226 3426 393 3482 EXPLICIT
413 3426 577 3483 TRACTUS
597 3426 816 3493 (TRACTATUS
838 3427 871 3496 C)
896 3416 952 3483 S—Cl
966 3427 1128 3482 AMBROSI
1145 3428 1195 3482 DE
1214 3428 1339 3483 INTER·

192 3516 421 3571 PELLATIONE
447 3502 600 3572 'S'EDRUII
625 3516 669 3569 ET
696 3516 812 3570 DAUID
841 3516 860 3579 (i
887 3533 920 3569 ex
945 3532 962 3568 u
988 3516 1034 3580 P).
1064 3514 1204 3570 INCIPIT
1233 3516 1339 3573 TRAC-

192 3606 306 3661 TATUS
330 3605 496 3661 EIUSDEM
517 3606 568 3659 DE
590 3603 776 3659 APOLOGIA
799 3604 989 3659 PROFETAE
1012 3602 1127 3659 DAUID
1151 3604 1200 3657 AD
1227 3605 1338 3659 THEO-

193 3694 333 3750 DOSIUII
355 3694 555 3771 AUGUSTUM
576 3692 629 3747 PC
653 3691 822 3748 EXPLICIT
850 3691 1059 3748 ‘IRACTATUS
1084 3681 1141 3748 SCI
1163 3694 1340 3749 AMBROSII

193 3782 240 3836 DE
267 3780 611 3837 INTERPELLATIONE
635 3770 782 3837 EGERUM
807 3781 869 3837 IOB
898 3781 942 3836 ET
969 3781 1095 3837 unuln.
1124 3782 1262 3838 INCIPIT
1290 3783 1338 3837 DE

194 3870 534 3926 INTERPELLATIONE
557 3870 674 3926 DAUID
698 3871 743 3925 ET
769 3870 832 3926 ΙΟΒ
852 3871 916 3925 ΒΡ·
935 3870 1102 3925 EXPLICIT
1128 3871 1340 3926 TRACTATUS

195 3948 249 4016 §DI
268 3958 445 4015 enssnosn
463 3948 525 4014 El'i
541 3960 591 4014 DE
614 3959 955 4014 INTEEPELLATIONE
978 3959 1042 4014 IOB
1065 3960 1110 4015 ET
1132 3959 1259 4016 DAUID.
1285 3960 1339 4014 IN-

194 4048 290 4105 CIPIT
310 4048 472 4103 EIUSDEM
491 4049 539 4103 DE
558 4048 669 4104 TOBIA
687 4050 715 4102 Β
805 4050 821 4103 9
842 4049 1005 4103 excelentius
1022 4049 1050 4102 P
1136 4049 1169 4103 10
1189 4053 1217 4103 et
1235 4066 1296 4103 scer
1312 4049 1341 4101 Β

230 4138 359 4208 grauidus
381 4138 422 4203 (in
440 4155 490 4207 mp.
510 4142 557 4191 m2
580 4138 720 4207 grauibus)
740 4138 767 4189 Β
842 4138 872 4191 11
903 4137 1021 4207 placitus
1042 4138 1104 4191 ΒΡ
1178 4139 1211 4191 12
1238 4138 1342 4191 mitiori

195 4226 285 4283 ΒΡὊ1
348 4228 382 4282 14
400 4226 495 4280 uidear
514 4226 692 4280 similitudine
711 4226 776 4280 DP‘
842 4230 875 4281 15
895 4230 923 4280 et
941 4227 1079 4296 simplices
1098 4226 1162 4280 DP‘
1227 4226 1260 4281 18
1278 4244 1339 4297 pro-

195 4318 312 4386 positum
332 4316 360 4369 P
378 4320 423 4385 (po
443 4332 463 4368 s.
484 4316 522 4383 u.)
580 4315 611 4369 19
631 4314 752 4369 solomon
772 4316 800 4367 P
817 4315 937 4369 salomon
955 4322 1002 4370 eet.
1076 4318 1181 4369 mentes
1199 4316 1227 4369 P
