3100 4967
225 407 290 471 260
699 403 895 458 Ambrosii

224 598 407 665 huiusmodi
444 600 516 663 uiri.
553 618 615 664 non
653 599 738 664 enim
775 599 886 685 gratia,
924 599 982 665 sed
1012 600 1104 665 ruina
1135 604 1195 678 est,
1229 602 1284 666 ubi
1315 620 1373 665 nec

225 706 367 772 diuturni
391 725 469 771 usus
493 706 633 771 muneris
655 709 839 771 reseruatur
862 710 895 771 et
918 706 1070 772 adimitur
1092 709 1252 773 excusatio
1277 707 1375 773 delin-

225 812 351 896 quendi.
385 812 470 895 quod
503 812 586 877 enirn
619 811 774 898 grauioris
806 811 931 895 pondus
963 813 1121 895 querellae
1160 832 1255 895 quam
1292 813 1373 877 illud

225 920 370 987 diuinum
399 919 484 1003 qnod
511 920 610 985 habes
637 920 668 983 in
697 918 861 983 lliohaeae
894 918 976 983 libro
1009 919 1201 1003 prophetae:
1234 921 1372 1004 popule

224 1046 338 1105 meus,
368 1026 458 1110 quid
486 1026 562 1090 ieci
594 1024 668 1089 tibi
700 1028 765 1089 ant
797 1024 833 1087 in
867 1043 939 1106 quo
973 1025 1205 1090 contristaui
1237 1029 1274 1091 te
1307 1031 1371 1092 aut
1401 1032 1459 1089 sB

226 1134 316 1218 quid
344 1134 532 1199 molestus
561 1132 634 1197 tibi
661 1132 744 1197 fui?
772 1131 958 1213 responde
985 1132 1088 1199 mihi.
1119 1152 1239 1198 noune
1263 1133 1372 1198 eduxi

224 1245 261 1307 tc
290 1240 332 1305 de
361 1244 461 1305 terra
488 1238 654 1323 Aegypti
684 1244 720 1303 et
748 1238 791 1303 de
824 1238 931 1303 domo
965 1238 1171 1303 seruitutis
1202 1238 1371 1304 liberaui

224 1350 286 1413 te?
311 1366 383 1413 ecce
408 1344 566 1429 quomodo
592 1346 773 1411 deiciuntur
795 1345 896 1427 impii,
917 1346 992 1409 dum
1012 1345 1211 1422 adleuantur,
1232 1345 1372 1428 querella

224 1474 332 1520 eorum
356 1453 543 1527 excluditur,
566 1471 667 1535 poena
690 1455 867 1517 aceruatur.
892 1452 1084 1517 caelestibus
1108 1451 1191 1517 euim
1208 1451 1370 1517 beneficiis

224 1560 351 1627 inuitati
381 1560 523 1625 deserere
552 1578 613 1623 non
642 1558 821 1623 debuerunt
842 1558 929 1623 uitae
953 1558 1136 1623 securitatis
1161 1561 1194 1623 et
1214 1559 1370 1641 prosperi·
1390 1584 1416 1623 ιο

223 1668 300 1733 tatis
332 1668 485 1747 datorem,
521 1665 573 1731 cui
605 1666 709 1749 magis
742 1666 915 1731 debuerant
950 1666 1173 1748 obtemperare.
1202 1664 1259 1730 sed
1287 1666 1371 1730 sicut

224 1774 349 1839 iustitia
382 1773 432 1837 dei
465 1792 582 1857 magna
612 1773 659 1836 ita
687 1773 783 1837 etiem
812 1790 924 1837 seuera
950 1771 1102 1837 uindicta.
1133 1772 1257 1855 quando
1287 1773 1370 1836 enirn

223 1881 342 1964 impius
365 1898 566 1963 perseuerare
591 1880 768 1955 consueuit,
793 1878 832 1942 de
851 1898 912 1961 quo
932 1883 965 1943 et
982 1878 1059 1944 alibi
1077 1878 1174 1943 habes
1194 1878 1368 1961 scriptum:
1437 1884 1460 1939 c

225 1987 312 2051 uidi
344 1987 511 2069 impium
545 1987 898 2069 superexaltatum
932 1988 970 2050 et
1002 1986 1210 2049 eleuatum
1248 2004 1369 2068 super

228 2093 396 2159 caedros
429 2093 576 2157 libani
610 2096 649 2157 ct
680 2094 871 2171 transiui,
905 2096 944 2158 et
974 2112 1066 2157 ecce
1094 2112 1168 2159 non
1196 2094 1301 2157 erat:
1331 2095 1414 2157 eto

226 2198 417 2284 quaesiui
455 2217 551 2275 eum,
591 2202 630 2262 et
666 2216 742 2262 non
782 2201 845 2263 est
876 2198 1072 2263 inuentus
1103 2198 1220 2263 locus
1253 2198 1369 2262 eius?

223 2305 419 2371 incredibilis
444 2306 590 2369 celeritas
614 2304 814 2370 extinctionis
839 2304 917 2370 eius.
943 2304 1033 2370 uides
1057 2304 1163 2370 subito
1182 2305 1316 2387 impium
1335 2304 1369 2368 in

224 2413 284 2476 hoc
317 2411 444 2475 saeculo
477 2413 660 2493 potentem:
694 2409 770 2475 dum
802 2413 839 2474 tn
871 2410 998 2489 transis,
1030 2410 1085 2475 ille
1118 2410 1182 2474 ianr
1213 2428 1275 2474 non
1308 2415 1367 2475 est.

225 2521 344 2601 quanta
371 2521 421 2582 est
449 2518 532 2583 enirn
559 2518 672 2583 umbra
698 2518 729 2583 in
754 2520 847 2590 terra,
872 2537 967 2601 quam
991 2536 1052 2582 non
1077 2516 1244 2583 diuturna!
1268 2521 1369 2582 trans-

224 2643 305 2707 pone
329 2624 515 2709 uestigium‚
540 2629 573 2689 et
595 2624 708 2689 umbra
725 2625 898 2706 praeteriit.
918 2627 976 2689 ant
994 2624 1021 2688 si
1040 2624 1092 2689 hio
1111 2624 1232 2706 aliquid
1249 2628 1369 2702 mouet,
1388 2651 1415 2691 ao

225 2730 264 2795 ad
292 2748 330 2794 ea
358 2750 440 2813 quae
467 2730 574 2795 futura
599 2734 673 2795 sunt
696 2730 808 2795 attolle
830 2731 947 2796 mentis
970 2731 1146 2814 uestigium
1171 2734 1204 2796 et
1225 2730 1370 2797 inuenies

224 2837 291 2901 illic
328 2837 464 2919 impium
500 2856 561 2901 non
598 2836 753 2913 futurum,
792 2856 886 2919 quern
918 2837 971 2902 hic
1004 2856 1074 2902 esse
1107 2837 1275 2912 credebas;
1309 2857 1370 2903 non
1433 2846 1461 2899 Ι)

227 2943 310 3007 enim
338 2945 389 3008 est
417 2944 471 3025 qui
499 2943 578 3008 nihil
607 2948 665 3008 est.
696 2943 831 3026 denique
859 2944 1045 3009 dominns
1074 2964 1141 3009 eos
1175 2945 1371 3029 cognouit

226 3050 294 3133 qui
323 3053 418 3114 sunt
444 3048 601 3132 ipsius;
632 3050 687 3132 qui
714 3053 821 3115 autem
850 3068 911 3114 non
941 3053 1017 3115 sunt
1045 3070 1099 3116 eos
1128 3071 1189 3115 non
1213 3051 1370 3135 agnoseit,

225 3156 384 3239 quiaipsi
408 3174 482 3221 eum
506 3155 560 3237 qui
584 3159 717 3221 estnon
741 3160 951 3240 agnouerunt.
1344 3150 1352 3157 ’
1388 3184 1415 3225 es

314 3424 431 3479 lurion.
451 3425 475 3489 6,
496 3426 512 3479 3
532 3442 571 3494 eq.
638 3428 671 3480 14
689 3427 789 3482 Psalm.
808 3427 921 3481 XXXVI
940 3427 974 3483 35
994 3444 1033 3497 sq.
1103 3429 1136 3483 23
1155 3427 1184 3481 11
1203 3427 1271 3481 Tim.
1290 3429 1316 3491 ⁴2,
1338 3428 1371 3481 19

263 3618 367 3672 lenirn
386 3618 438 3671 uiri
458 3620 548 3689 gratia
566 3618 594 3671 B
648 3619 820 3687 3qnerellae
839 3620 867 3672 P
883 3619 1009 3689 querelae
1028 3626 1076 3675 oet.
1150 3620 1199 3675 illo
1217 3621 1246 3673 B
1303 3607 1371 3675 tei

224 3707 324 3777 popule
342 3706 370 3760 P
387 3706 423 3775 (le
442 3724 476 3761 en
492 3707 546 3773 lae)
603 3708 818 3762 5c0netrauiB
872 3708 947 3761 silui
966 3708 1096 3763 tibiP‘C
1149 3710 1372 3764 iseruitutesP

209 3786 240 3849 Ι8
260 3796 379 3865 querella
396 3794 424 3849 P
441 3797 550 3865 querela
568 3802 614 3851 oet.
688 3797 704 3850 9
727 3801 869 3851 coornatur
890 3797 955 3851 DP‘
974 3797 1116 3852 acerbatur
1131 3804 1178 3853 oet.
1261 3799 1371 3869 ceglesti·

224 3884 274 3938 bns
288 3883 316 3937 P
329 3884 349 3950 (i
363 3900 384 3938 a.
400 3890 438 3949 u.)
478 3886 511 3941 10
524 3885 677 3939 securitatis
693 3889 720 3939 et
734 3886 872 3940 Erasmus
885 3886 1038 3940 securitatis
1053 3886 1102 3941 sed
1116 3887 1180 3941 DP‘
1199 3887 1371 3941 setntilitatis

225 3972 271 4027 sed
291 3972 319 4026 P
340 3974 469 4027 utilitatis
489 3976 517 4028 et
535 3974 589 4027 BC
681 3976 709 4029 11
741 3974 912 4044 obtemptare
930 3976 957 4029 B
1050 3976 1083 4031 13
1111 3976 1177 4030 alibi
1195 3976 1223 4030 P
1246 3981 1273 4045 (a
1290 3992 1312 4031 s.
1332 3976 1372 4046 a.)

227 4063 259 4115 14
279 4062 367 4131 super]
389 4062 459 4117 sicut
473 4062 501 4115 B
557 4063 589 4117 17
608 4063 792 4119 inecredibilis
804 4065 832 4118 P
850 4070 876 4124 le
890 4082 935 4134 pr.
956 4064 1019 4133 del.)
1078 4066 1110 4119 19
1131 4066 1201 4119 enirn
1220 4069 1263 4119 est
1276 4066 1312 4131 B,
1329 4070 1373 4119 est

224 4167 275 4219 onp.
295 4152 330 4205 P‘
391 4168 445 4205 non
464 4168 515 4205 om.
534 4150 626 4205 11Ρ’(,1
683 4152 825 4207 diueturna
844 4154 872 4207 P
890 4158 914 4219 (r
932 4157 1014 4221 erus)
1069 4156 1105 4209 20
1122 4158 1215 4208 mouet
1233 4153 1274 4208 ed.
1290 4154 1404 4209 Rom..

225 4244 334 4295 mouent
352 4240 436 4293 PRD
459 4241 575 4294 mouerit
592 4242 627 4295 F
653 4244 781 4295 nraneant
804 4246 827 4295 l)
915 4243 950 4297 22
978 4242 1107 4297 credebas
1125 4243 1153 4297 P
1176 4246 1202 4309 (e
1219 4259 1266 4311 pr.
1289 4260 1311 4297 a.
1331 4248 1370 4308 u.)

225 4328 259 4383 23
279 4328 394 4399 deniqne
414 4330 441 4383 P
460 4330 480 4395 li
498 4346 531 4384 ex
550 4332 574 4397 e)
631 4332 664 4385 25
684 4347 744 4384 euin
763 4331 791 4384 P
809 4334 837 4395 (u
855 4331 887 4384 in
905 4336 973 4399 rae.)
