3100 4967
238 468 302 530 390
702 461 924 533 [Ambrosii]

237 657 372 740 denique
401 657 498 722 etiam
525 657 601 722 alibi
629 656 746 722 nudam
775 676 846 721 ease
873 655 1005 720 uirtutis
1033 655 1187 721 indicium
1216 657 1274 732 est,
1309 654 1384 738 quia

239 765 393 847 seriptum
428 768 495 828 est:
529 762 614 828 exui
646 763 813 828 tunicam
847 782 977 841 meam,
1012 762 1196 846 quomodo
1229 762 1382 828 induam

183 868 343 936 ideam?
365 871 446 936 iani
468 870 582 953 pedes
606 889 723 948 meos,
749 870 933 952 quomodo
952 869 1159 952 inquinabo
1179 873 1269 936 eos?
1289 889 1381 952 quam

236 979 337 1064 igitur
358 978 500 1043 tunicam
526 978 646 1042 exuerit
669 980 701 1042 et
724 998 786 1043 non
809 977 968 1042 inuenerit
987 975 1253 1059 quemadmodum
1272 977 1384 1042 induat
1453 988 1477 1042 B

238 1105 308 1150 eam
332 1085 369 1150 de
393 1086 570 1169 scripturis,
596 1085 623 1150 si
646 1103 829 1168 possumus,
849 1083 1039 1150 reuelemus.
1060 1089 1109 1149 est
1128 1084 1210 1148 enim
1230 1083 1384 1167 quaedam
1416 1103 1430 1140 ⁵

235 1193 345 1257 tunica
368 1193 549 1276 corporalis,
575 1196 648 1256 sunt
672 1191 885 1275 cupiditatum
905 1191 1060 1273 quaedam
1078 1191 1197 1256 intenta
1215 1192 1383 1270 uelamina,

236 1303 270 1363 et
292 1299 362 1364 ideo
385 1300 545 1364 interdum
567 1301 683 1364 melius
707 1303 757 1364 est
778 1300 900 1363 nudum
924 1317 994 1364 esse
1018 1316 1147 1380 corpore
1171 1318 1266 1380 quam
1290 1298 1384 1364 corde

235 1407 388 1472 uelatum.
421 1407 503 1471 unde
537 1407 633 1471 etiam
665 1405 785 1470 Paulus
818 1425 875 1471 nos
908 1405 1056 1470 admonet
1093 1405 1244 1488 expoliari
1279 1405 1384 1470 multo

237 1533 308 1578 esse
337 1515 452 1578 melius
483 1533 578 1596 quam
607 1512 817 1596 superaestiri
856 1512 965 1578 dicens
995 1513 1090 1577 etiam
1120 1511 1215 1577 alibi:
1245 1513 1383 1594 expoli-

237 1623 346 1685 antes
369 1641 437 1686 uos
461 1623 626 1685 ueterem
651 1620 839 1686 hominem
860 1641 941 1685 cum
961 1620 1112 1684 actibus
1133 1620 1213 1684 suis
1233 1619 1383 1684 induite
1404 1640 1431 1680 ιο

237 1747 391 1807 nouum,
421 1729 483 1810 qui
511 1731 716 1793 renouatur
742 1728 779 1791 in
805 1727 1040 1811 agnitionem
1066 1727 1274 1794 secundum
1296 1726 1383 1789 ima-

238 1835 361 1919 ginem
394 1835 476 1900 eius
510 1837 572 1917 qui
604 1835 751 1900 creauit
784 1855 875 1900 eum.
902 1853 976 1918 ergo
1002 1853 1082 1917 quae
1107 1833 1244 1917 spoliata
1273 1836 1323 1896 est
1351 1836 1385 1896 et
1452 1833 1472 1890 O

236 1941 332 2024 pedes
355 1941 439 2006 lotos
462 1942 559 2005 habet
583 1944 614 2006 et
636 1941 708 2006 ideo
728 1961 808 2024 quae
827 1940 908 2006 lauit
927 1941 1028 2005 nescit
1047 1939 1205 2022 quomodo
1225 1939 1384 2022 inquinari

234 2050 353 2132 possit;
389 2048 591 2114 obliuiscitar
627 2049 710 2113 enim
745 2068 803 2132 per
838 2049 973 2132 gratiam
1012 2047 1095 2130 quod
1136 2047 1288 2111 hauserat
1327 2063 1385 2129 per

235 2159 391 2220 naturam.
424 2175 559 2239 magnas
591 2157 643 2221 hio
674 2156 776 2240 igitur
809 2157 841 2220 et
872 2155 978 2220 iustus
1011 2173 1099 2218 amor
1130 2153 1274 2218 mulieris
1312 2155 1384 2217 ante
1404 2171 1430 2213 aa

236 2262 343 2327 Dauid
365 2262 487 2345 regiam
511 2283 545 2327 se
568 2263 718 2330 iuuantis,

180 2363 225 2428 47
283 2368 346 2434 Sed
382 2389 443 2434 non
482 2369 585 2434 solam
622 2370 713 2447 lauit,
746 2369 802 2434 sed
837 2368 933 2433 etiam
964 2367 1104 2446 uocauit,
1136 2369 1174 2431 ut
1205 2367 1237 2431 in
1272 2365 1385 2432 eodem

238 2477 413 2559 accipimus
433 2476 514 2541 libro
535 2477 659 2541 dicente
683 2479 794 2541 sancta
818 2474 970 2541 ecclesia:
994 2474 1097 2553 ueni,
1121 2473 1240 2538 frater
1262 2491 1384 2550 meus,

238 2602 411 2648 exeamus
434 2584 470 2647 in
496 2603 601 2667 agro,
624 2583 908 2666 requiescamus
931 2583 968 2646 in
992 2581 1184 2660 castellis,
1210 2578 1383 2644 diluculo

238 2710 438 2775 surgamus
472 2691 509 2755 in
541 2691 690 2770 uineas,
723 2689 919 2754 uideamus
953 2687 985 2753 ai
1017 2687 1233 2752 floruerunt
1270 2685 1429 2748 niteam

238 2816 298 2862 non
332 2798 438 2862 solum
468 2797 568 2882 igitur
599 2799 698 2874 lauat,
732 2796 789 2860 sed
822 2797 919 2860 etiam
953 2795 1113 2861 Christum
1147 2793 1254 2857 uenire
1283 2791 1323 2856 ad
1351 2809 1385 2855 se
1447 2805 1472 2857 D

238 2908 392 2988 prouocat
421 2907 454 2968 et
479 2903 598 2969 inuitat
627 2903 753 2969 diaeum
778 2903 851 2968 tibi
876 2903 968 2967 dabo
992 2903 1109 2966 ubera
1131 2919 1221 2966 mea.
1245 2917 1302 2962 nee
1327 2917 1385 2962 sua

328 3132 341 3185 1
366 3131 450 3185 uerba
469 3129 656 3200 ⁸<aliquando>
668 3130 769 3184 nudam
789 3130 855 3184 esse'
876 3146 961 3199 usqae
980 3127 1016 3183 ad
1033 3127 1117 3182 uerba
1142 3129 1178 3195 (n.
1200 3127 1243 3193 14)
1263 3131 1321 3196 ‘per
1338 3141 1384 3178 na·

236 3222 334 3274 turam*
353 3221 482 3290 leguntur
506 3221 534 3273 in
561 3219 762 3274 Commentario
788 3219 815 3272 iu
837 3218 951 3273 Cantica
976 3218 1142 3271 cantieorum
1167 3232 1198 3270 er
1224 3213 1302 3268 libris
1321 3213 1384 3267 Arn-

236 3308 320 3364 brosii
339 3308 453 3364 collecto
474 3311 499 3369 5,
518 3307 553 3362 30
572 3308 597 3378 (I
617 3309 686 3362 1594
704 3307 835 3361 r-1595
853 3305 877 3360 A
896 3307 945 3372 Β.)
1000 3303 1115 3360 2011111.
1135 3304 1196 3368 5‚3
1243 3301 1382 3357 9Goloss.

237 3401 356 3468 3‚9sq.
406 3399 438 3453 18
454 3397 531 3452 Cant.
548 3399 573 3463 7,
589 3399 618 3451 ll
638 3414 677 3466 sq.
729 3398 763 3450 22
779 3396 856 3452 Cant.
877 3399 901 3462 7,
924 3397 956 3450 12

273 3575 289 3628 3
309 3591 355 3627 eos
377 3572 494 3626 TNB‘C
509 3573 573 3626 illos
592 3579 639 3626 cot.
695 3576 711 3628 5
730 3572 882 3626 reuelamus
905 3573 959 3626 TN
1015 3575 1033 3628 8
1052 3589 1101 3627 nos
1120 3570 1249 3626 admouet
1272 3567 1322 3621 TU
1339 3567 1385 3622 ad-

237 3667 331 3717 monet
353 3679 402 3716 nos
425 3661 485 3715 ND
509 3666 645 3716 ammonet
668 3666 696 3716 et
718 3679 768 3715 nos
794 3661 957 3714 BT‘B'PM
978 3665 1006 3716 et
1029 3679 1078 3716 nos
1103 3665 1166 3726 (om.
1192 3657 1332 3726 admonei)
1351 3639 1385 3712 P¹

237 3750 368 3805 9melins
388 3767 446 3803 esse
464 3751 515 3820 χθ,
535 3768 594 3804 esse
615 3767 666 3806 oro.
685 3751 750 3804 PM
803 3752 885 3804 etiam
904 3767 954 3806 om.
969 3751 1025 3805 NG
1071 3752 1102 3805 11
1124 3750 1293 3819 agnitionem
1311 3746 1387 3802 TBO

238 3839 378 3908 agnitione
398 3845 446 3894 oct.
555 3840 611 3892 eius
631 3841 778 3910 imaginem
796 3839 828 3893 N
914 3841 946 3893 12
972 3840 1089 3909 spoliata
1111 3839 1167 3892 TN
1184 3839 1321 3908 expoliata
1338 3842 1384 3892 cei.

240 3929 272 3981 13
292 3931 320 3980 ot
338 3927 399 3981 ideo
419 3944 488 3997 quae
501 3928 572 3981 lauit
585 3945 637 3982 ora.
655 3928 679 3981 0
730 3927 864 3998 quomodo
883 3929 935 3982 TN
950 3927 1173 3998 quemadmodum
1189 3933 1238 3982 cet.
1276 3929 1311 3981 14
1324 3941 1384 3996 pos·

238 4016 294 4069 sint
311 4016 340 4069 B
357 4020 468 4086 possent
486 4017 516 4069 D
588 4018 620 4072 15
639 4017 725 4086 igitur
742 4018 787 4071 hio
805 4017 913 4083 BB‘P‘,
932 4017 977 4072 hic
995 4034 1046 4072 om.
1065 4017 1095 4070 D
1160 4017 1192 4070 16
1211 4016 1315 4085 regiam
1335 4031 1384 4067 om.

237 4106 275 4169 D,
296 4104 404 4159 domum
421 4106 459 4160 M
531 4106 563 4161 18
585 4108 730 4176 accipimus
754 4107 838 4161 TDN
856 4106 1008 4176 accepimus
1027 4111 1074 4160 cet.
1149 4106 1182 4158 19
1202 4119 1297 4173 agrum
1316 4103 1383 4164 PM,

237 4199 308 4249 recte
321 4200 392 4264 puto
465 4196 669 4265 quiescanmspv
732 4196 766 4249 20
790 4195 938 4249 floruerunt
961 4195 1032 4248 uites
1056 4193 1130 4264 (uitis
1154 4193 1195 4260 N)
1219 4193 1276 4248 TN
1296 4193 1385 4247 floruit

239 4282 305 4340 uitis
329 4289 376 4337 cet.
430 4285 463 4337 21
479 4284 572 4338 uenire
585 4283 620 4338 ad
633 4303 662 4339 se
679 4284 751 4338 Tad
765 4284 901 4346 senenire
917 4289 965 4340 cet.
1020 4281 1237 4340 enarrarre
1305 4297 1384 4352 opera

241 4374 272 4436 (a.
292 4371 305 4422 1
323 4370 416 4442 ubera)
435 4372 466 4425 N
