3100 4967
686 460 904 513 Praefatio.
1309 463 1367 527 XV

219 657 329 722 Flauio
349 656 555 739 adscriptum,
576 654 660 737 quod
683 656 749 737 aspi
771 654 916 737 λογισμοῦ
940 651 1161 738 αὐτοκράτορος
1180 655 1241 734 uel,
1262 654 1317 720 sed
1335 656 1368 719 id

220 763 312 841 male,
332 759 541 843 Μακοαβαίων
566 760 591 823 δ’
616 760 809 834 inscribitur,
823 760 848 842 ¹)
871 760 902 823 in
927 779 1022 824 nsum
1050 779 1143 825 suum
1173 762 1369 827 conuertisse

219 871 339 954 primus
360 868 442 932 uidit
457 870 480 933 l.
494 867 706 933 Frendenthal
726 868 779 951 (cl.
798 867 867 932 eius
885 866 958 931 libri
976 868 1046 931 ‘Die
1060 867 1192 932 Flauius
1212 869 1367 952 Iosephus

218 977 398 1061 heigelegte
427 974 546 1040 Schrift
574 964 659 1041 [ber
691 974 742 1039 dis
769 972 956 1037 Herrschaft
989 972 1044 1037 der
1071 973 1237 1039 Vernunlt’
1265 974 1367 1039 Urati-

220 1084 340 1149 slauiae
365 1102 391 1148 a.
417 1084 501 1148 1869
527 1082 604 1147 aditi
627 1102 657 1165 p.
683 1083 724 1146 32
750 1086 840 1162 squ).
865 1080 925 1143 hoc
950 1079 1051 1163 igitur
1073 1100 1216 1146 sermone
1235 1119 1279 1128 —
1295 1101 1366 1146 nam

220 1208 396 1256 sermonem
420 1208 489 1253 asse
512 1188 597 1253 hune
619 1188 764 1253 libellum
790 1186 1023 1251 demonstrauit
1041 1186 1254 1251 Frendenthal
1272 1208 1303 1271 p.
1326 1190 1365 1253 12

221 1317 287 1380 sqq.
312 1334 355 1343 —-
379 1296 567 1361 Ambrosius
599 1298 632 1359 et
659 1296 689 1359 in
715 1294 839 1359 exordio
868 1293 940 1357 libri
964 1293 1077 1377 prioris
1102 1314 1144 1359 ss.
1171 1295 1255 1357 l-7
1281 1298 1312 1359 et
1335 1296 1365 1359 in

219 1404 291 1467 libri
315 1402 446 1467 alterius
469 1406 557 1485 parte
582 1402 696 1467 ultima
718 1400 775 1483 (ss.
801 1400 945 1476 43—57)
968 1400 1015 1465 ita
1037 1419 1116 1465 usus
1140 1404 1199 1477 est,
1219 1403 1255 1465 ut
1277 1402 1365 1467 locos

221 1510 374 1592 quosdam
410 1509 450 1575 ad
482 1510 616 1573 uerbum
648 1509 844 1585 transferret,
867 1508 969 1573 multo
998 1509 1117 1590 plures,
1141 1514 1178 1571 ut
1206 1510 1274 1573 erat
1296 1508 1366 1573 eius

222 1616 415 1681 consuetudo
434 1616 465 1679 in
482 1616 615 1681 aliorum
634 1615 724 1680 libris
744 1613 964 1698 compilandis,
984 1614 1051 1679 suis
1070 1615 1177 1679 uerbis
1197 1614 1367 1697 explicaret

222 1728 313 1805 atque
342 1723 526 1787 illustraret.
556 1740 635 1803 quos
663 1722 750 1786 locos
779 1738 887 1784 omnes
912 1740 930 1783 a
952 1738 1003 1783 me
1032 1720 1199 1804 diligenter
1221 1724 1366 1787 enotatos

222 1828 356 1912 reperies
386 1827 534 1892 editionis
559 1846 577 1891 a
601 1826 639 1892 G.
664 1825 826 1891 Dindortio
855 1828 983 1891 curatae
1008 1826 1134 1910 paginis
1162 1829 1195 1891 et
1216 1827 1365 1893 uersibus

221 1935 381 2009 indicatis;
407 1954 480 1999 nam
504 1954 540 1999 ea
559 1953 654 2017 quam
674 1933 706 1999 S.
725 1933 761 1998 A.
781 1932 887 1997 Nabar
906 1933 1029 1996 curauit
1046 1935 1115 1996 turn
1136 1932 1273 2011 demum,
1294 1954 1365 1998 curn

221 2042 278 2107 hoc
300 2041 451 2105 uolumen
479 2040 541 2104 iarn
571 2040 693 2123 prelum
723 2038 895 2115 exercebat,
920 2038 951 2101 in
979 2058 1091 2103 manus
1115 2058 1202 2104 meas
1226 2039 1364 2105 deuenit.

221 2148 250 2210 in
273 2146 385 2229 primis
415 2149 522 2211 autem
549 2146 753 2211 memorabile
778 2148 828 2211 est
851 2144 936 2227 quod
958 2146 1145 2210 Ambrosius
1168 2146 1279 2211 eodem
1302 2167 1365 2231 quo

219 2253 317 2318 falsus
350 2254 407 2317 ille
438 2253 594 2337 Iosephus
628 2254 753 2336 epilogo
787 2271 867 2335 opus
901 2271 996 2316 suurn
1029 2252 1196 2328 conclusit,
1219 2253 1365 2317 Maccha-

220 2359 369 2424 baeomm
392 2359 584 2437 laudatione,
609 2378 703 2442 quam
728 2358 997 2441 splendidioribus
1025 2358 1123 2422 etiam
1150 2358 1309 2424 coloribus
1334 2365 1366 2424 et

219 2466 386 2530 uerborum
424 2466 713 2549 sententiarumque
750 2464 925 2530 luminibus
963 2464 1134 2529 exornauit.
1172 2465 1231 2529 hac
1267 2466 1366 2550 igitur

219 2572 385 2655 magnifica
416 2573 614 2656 peroratione
647 2592 680 2637 se
714 2571 910 2647 audientium
947 2572 1068 2636 animos
1101 2591 1195 2653 quam
1231 2573 1365 2639 manime

220 2683 451 2745 commoturum
480 2699 549 2745 esse
579 2678 640 2745 sibi
668 2682 880 2762 persuaserat,
908 2696 1010 2761 neque
1038 2698 1111 2762 spes
1140 2698 1212 2743 eum
1240 2678 1363 2744 fefellit.

221 2786 332 2849 etenim
373 2785 580 2851 Cassiodorus
622 2787 700 2850 inst.
743 2783 841 2849 diesin.
878 2785 942 2849 litt.
985 2786 1005 2849 6
1043 2784 1121 2849 dicit
1160 2786 1365 2851 Ambrosium

220 2890 347 2955 secundi
383 2891 457 2955 lihn'
484 2891 767 2957 Macchabaeorum
805 2890 972 2955 maximam
1010 2895 1132 2973 partem
1165 2891 1203 2955 ad
1238 2892 1360 2956 demon-

219 2998 377 3061 strandam
400 2998 600 3063 tolerantiam
621 2998 820 3080 eloquentiae
840 3016 915 3061 suae
936 2997 1119 3061 dulcissimo
1138 2998 1259 3080 liquore
1278 3002 1364 3083 pate-

217 3102 330 3167 fecisse
362 3106 393 3169 et
424 3105 456 3169 in
489 3105 564 3169 libri
594 3104 746 3169 Parisiaci
782 3104 878 3182 1719,
903 3104 958 3187 qui
986 3104 1105 3168 saeculi
1132 3104 1178 3168 XI
1201 3109 1260 3180 est,
1285 3105 1361 3169 folio

221 3209 291 3273 140Ῑ
318 3210 408 3275 initio
442 3210 591 3276 sectionis
623 3210 793 3275 XXXXHI
824 3210 897 3275 libri
924 3212 956 3275 ll
983 3211 1061 3275 haec
1089 3209 1120 3273 in
1145 3210 1286 3294 margine
1310 3212 1363 3275 ad-

218 3315 334 3397 scripta
362 3320 449 3381 sunt:
479 3317 601 3399 ‘incipit
627 3320 782 3381 tractatus
811 3316 1044 3400 pulcherrimus
1069 3302 1118 3381 sm
1138 3318 1288 3382 ambrosii
1311 3302 1365 3400 ε’ρῖ

217 3418 254 3483 de
282 3421 420 3505 gloriosa
446 3424 594 3505 passione
623 3424 865 3489 machabeorum
894 3427 927 3487 et
955 3422 993 3487 de
1016 3407 1071 3489 ὦ
1095 3423 1234 3489 eleazaro
1260 3444 1361 3491 sacer·

217 3525 287 3591 dote
311 3547 418 3593 eorum
444 3529 564 3613 optirno
584 3530 736 3614 magistro
757 3532 790 3593 et
812 3528 912 3595 duce‘.
926 3528 950 3611 ²)
976 3529 1032 3594 sed
1055 3534 1178 3614 praeter
1201 3532 1261 3596 hoc
1285 3550 1361 3617 opu·

215 3635 340 3699 sculum
364 3634 569 3701 Ambrosium
596 3636 730 3701 alterurn
765 3655 889 3718 quoque
921 3636 974 3701 uel
1005 3636 1112 3719 plures
1142 3638 1236 3702 etiam
1263 3638 1360 3703 libros

262 3792 281 3859 ¹)
302 3792 424 3845 rlltemm
446 3792 557 3845 titulum
580 3792 634 3845 iarn
657 3792 792 3846 Eusebius
815 3796 937 3857 nouerat,
961 3794 1007 3863 qui
1030 3794 1102 3847 Hist.
1126 3794 1189 3848 eccl.
1211 3794 1254 3849 III
1279 3798 1320 3861 10,
1343 3797 1360 3851 3

214 3878 385 3951 inscriptioni
407 3880 465 3949 napi
488 3878 677 3951 αὐτοκράτορος
700 3879 824 3953 λογισμοῦ
846 3881 914 3935 haec
937 3881 1027 3936 addit:
1052 3881 1066 3933 ὅ
1084 3900 1152 3947 τινες
1171 3881 1359 3951 Μακκαβοίῐκον

215 3967 257 4020 ἑτέ
291 3971 372 4023 ou'oro.

247 3988 457 4127 {afflationem
479 4056 554 4110 illam
579 4056 611 4111 de
635 4058 748 4113 rationis
772 4058 903 4128 regimine
922 4058 1079 4113 Arrrbrosins
1103 4076 1211 4130 qnoque
1230 4060 1263 4114 de
1282 4060 1359 4114 onl

213 4146 256 4209 41,
275 4145 328 4199 aba
348 4162 387 4215 sq.
408 4148 471 4198 ante
490 4145 582 4199 oeulos
600 4146 704 4214 habuit,
720 4163 773 4216 quo
787 4148 847 4201 luco
868 4165 900 4201 ea
914 4164 982 4218 quas
998 4147 1031 4202 de
1045 4148 1232 4203 Macchabaeis
1247 4151 1274 4203 in
1288 4150 1359 4203 libro

213 4234 296 4288 altero
317 4234 351 4287 de
370 4232 451 4287 Iacob
476 4242 634 4303 exposuerat
657 4234 766 4289 breuius
791 4236 954 4306 perstrinxit.
975 4252 1111 4290 sermones
1135 4238 1205 4291 enim
1226 4238 1258 4292 de
1277 4238 1357 4292 Iacob

212 4328 274 4376 ante
292 4322 378 4377 libros
398 4321 430 4375 de
450 4320 546 4377 officiis
566 4323 681 4393 scriptos
701 4342 759 4378 esse
779 4329 852 4379 recte
867 4327 965 4380 statuit
978 4326 1038 4380 lhm
1053 4325 1130 4380 stud.
1145 4326 1267 4380 Ambros.
1283 4346 1308 4397 p.
1325 4328 1358 4382 16

209 4410 270 4465 adn.
291 4412 335 4465 27.
