3100 4967
650 462 868 517 Praefatio.
1306 466 1335 529 V

185 662 318 726 alterius
351 664 384 725 et
415 660 501 724 tertii
534 660 687 725 sermonis
721 658 962 724 similitudinem
995 660 1152 743 quandam
1187 680 1262 744 prae
1299 680 1333 725 se

183 769 299 844 serunt,
330 766 363 830 id
390 786 450 831 non
479 766 643 849 scriptoris
673 766 817 845 oonsilio,
844 764 901 831 sed
924 766 1013 831 casui
1035 766 1239 831 tribuendum
1263 785 1333 832 esse

186 874 345 940 existimo.
379 892 479 957 neque
513 892 587 938 uero
621 893 656 937 ex
685 892 721 938 eo
751 872 837 955 quod
865 872 956 937 elteri
984 876 1017 938 et
1045 877 1174 955 quartae
1199 873 1331 940 orationi

184 982 357 1047 sollemnes
388 980 463 1045 illue
497 980 613 1063 quibus
646 998 806 1044 sermones
839 978 985 1044 concludi
1014 980 1159 1045 solebant
1184 979 1332 1064 precandi

183 1089 339 1153 formulae
363 1087 531 1151 adiunctae
555 1089 630 1151 sunt
653 1085 825 1169 quidquam
851 1085 934 1169 quod
954 1085 995 1150 ad
1013 1085 1153 1151 ordinem
1172 1086 1331 1151 Parisiaco

184 1195 336 1259 traditum
361 1192 590 1259 defendendum
615 1193 755 1259 conferat
775 1194 924 1277 colligere
941 1192 1031 1267 licet;
1056 1212 1128 1257 uam
1147 1194 1216 1258 sine
1235 1192 1331 1257 dubio

183 1292 270 1365 olim¹
291 1320 353 1365 non
382 1299 487 1364 solum
514 1299 575 1374 his,
605 1298 660 1364 sed
688 1298 784 1363 etiam
813 1300 926 1363 ceteris
954 1299 1149 1364 orationibus
1173 1299 1330 1364 eiusmodi

182 1406 345 1472 clausulae
369 1406 494 1471 additae
518 1408 606 1470 eraut
629 1408 661 1469 et
685 1404 769 1488 quod
792 1405 865 1470 illae
888 1405 975 1470 solae
998 1406 1029 1469 in
1049 1407 1148 1472 altero
1167 1411 1199 1471 ct
1218 1411 1330 1489 quarto

181 1533 325 1579 sermone
358 1516 501 1578 seruatae
534 1515 619 1590 suut,
653 1512 680 1576 si
713 1511 790 1594 quid
817 1511 922 1589 uideo,
950 1512 1125 1577 sententiae
1153 1532 1241 1577 meae
1268 1531 1329 1577 non

183 1620 319 1697 obstare,
349 1619 404 1684 sed
435 1638 504 1684 eam
526 1618 634 1701 potius
659 1618 842 1683 confirmare
866 1618 1004 1685 uidetur.
1038 1618 1210 1704 sicigitur
1236 1619 1330 1685 ratio-

181 1728 305 1793 cinatus
335 1746 408 1791 cum
437 1743 613 1791 sermonem
643 1724 682 1790 de
709 1724 962 1808 interpellatione
984 1724 1090 1790 Dauid
1119 1744 1192 1791 cnm
1216 1727 1329 1791 ceteris

181 1852 240 1898 non
271 1834 447 1913 cohaerere,
481 1833 538 1898 sed
570 1832 632 1897 alio
664 1836 808 1915 tempere
840 1830 879 1895 ab
906 1832 1075 1898 Ambrosio
1109 1834 1264 1917 scriptum
1297 1837 1330 1898 et

180 1946 308 2025 propter
346 1940 526 2025 argumenti
563 1939 808 2004 similitudinem
845 1939 892 2005 eis
929 1939 1113 2005 adiunctum
1145 1960 1217 2006 esse
1249 1941 1328 2005 mihi

181 2048 423 2130 persensissem,
456 2048 514 2113 hos
547 2065 707 2113 sermones
741 2066 777 2112 eo
811 2047 864 2129 qui
899 2046 1056 2111 Dnacensi
1092 2048 1330 2113 commendatur

182 2155 288 2220 ordine
327 2154 480 2235 disposui.
520 2153 656 2219 concedo
695 2152 841 2235 equidem
877 2152 945 2217 lieri
981 2153 1136 2235 potuisse,
1172 2157 1211 2219 nt
1242 2155 1327 2238 quod

181 2262 319 2327 Maurini
347 2262 550 2327 coniecerunt
577 2260 677 2325 oratio
699 2258 756 2324 illa
779 2264 897 2324 temere
921 2261 1040 2325 omissa
1063 2280 1080 2325 a
1103 2261 1229 2328 librario
1252 2268 1328 2345 post

180 2370 307 2434 tertiam
341 2369 574 2453 adiungeretur,
604 2366 659 2432 sed
688 2367 799 2431 eodem
827 2368 895 2432 iure
924 2368 1078 2451 suspicari
1105 2368 1183 2434 licet
1214 2389 1325 2435 uerum

180 2476 322 2541 ordinem
356 2475 388 2540 in
423 2475 580 2541 Iluacensi
613 2478 669 2539 aut·
701 2474 832 2537 alterius
866 2473 984 2539 codicis
1017 2476 1133 2541 auxilio
1165 2512 1208 2523 —
1241 2476 1327 2541 haud

181 2583 275 2647 dubie
304 2582 386 2646 enim
416 2582 514 2646 altero
537 2580 592 2647 ille
615 2580 696 2645 libro
721 2580 863 2645 adhibito
887 2585 1047 2646 correctus
1071 2585 1122 2647 est
1143 2619 1187 2629 -
1210 2587 1267 2648 aut
1290 2603 1326 2648 er

179 2689 360 2754 coniectura
383 2674 567 2753 restitutum
592 2708 672 2753 esse.
701 2688 760 2752 hac
783 2688 884 2771 igitur
904 2708 938 2753 re
961 2688 1108 2753 absoluta
1129 2689 1192 2754 iam
1216 2709 1325 2775 aggre-

180 2796 304 2860 diamur·
332 2796 372 2861 ad
398 2796 544 2861 libellum
573 2794 618 2860 de
648 2795 841 2879 apologia
862 2794 1005 2873 Dauid,
1029 2814 1123 2878 quem
1147 2816 1183 2861 er
1207 2816 1323 2863 sermo·

178 2902 271 2967 nibus
296 2902 517 2967 concinnatum
541 2920 611 2967 esse
634 2900 741 2967 uerbis
765 2905 812 2965 ‘nt
834 2900 927 2966 hodie
950 2902 1069 2967 lectum
1093 2905 1153 2969 est‘
1175 2904 1265 2989 (311,
1290 2908 1324 2991 2)

178 3010 411 3092 comprobatur.
453 3008 532 3073 adde
571 3008 655 3091 quod
690 3008 722 3072 iu
759 3007 840 3073 libro
877 3008 990 3075 ultimo
1029 3010 1194 3096 doxologia
1229 3030 1324 3095 quam

179 3120 295 3181 elocant
319 3114 523 3197 conspicitur.
549 3115 606 3179 sed
629 3116 657 3179 si
681 3114 720 3179 ab
744 3114 794 3179 his
818 3114 898 3181 locis
923 3115 1077 3192 discedas,
1102 3118 1175 3182 libri
1193 3120 1322 3202 perlect'

178 3224 272 3304 atque
305 3222 446 3287 absoluti
478 3240 550 3286 eum
582 3221 716 3286 formam
743 3241 818 3304 prae
846 3240 880 3287 se
908 3222 987 3286 ferre
1016 3222 1150 3303 uidebis,
1178 3223 1211 3288 id
1239 3225 1323 3309 quod

177 3328 239 3391 iam
273 3346 309 3391 ex
341 3326 433 3393 initio
461 3330 536 3407 299,
567 3329 582 3391 1
610 3326 810 3412 ‘Apologiam
838 3327 1010 3411 prophetae
1033 3329 1137 3394 Dauid
1165 3334 1324 3413 praesenti

177 3434 374 3516 adripuimus
407 3434 481 3500 stilo
515 3434 663 3500 scriberc'
700 3434 872 3519 colligitur.
911 3454 1004 3517 quam
1043 3438 1322 3503 conformationem

177 3540 346 3625 adipsum
369 3540 573 3606 Ambrosium
596 3540 697 3605 redire
721 3560 756 3605 er
779 3540 984 3624 inscriptione
1009 3562 1089 3625 quae
1112 3544 1143 3607 in
1162 3544 1323 3612 Parisiaco

179 3648 262 3711 1732
295 3646 415 3731 legitur
441 3648 498 3713 ‘De
527 3647 674 3732 apologia
697 3648 802 3712 Dauid
827 3648 865 3711 ad
888 3647 1102 3714 Theodosium
1125 3650 1322 3734 Arrgustum‘

173 3753 379 3818 manifestum
399 3755 459 3819 est.
479 3754 594 3819 etenim
613 3774 805 3837 quamquam
823 3755 883 3819 hoc
902 3755 1094 3836 opusculum
1113 3761 1186 3839 post
1205 3776 1321 3822 annum

173 3858 398 3925 CCCLXXXII
427 3862 558 3926 ct'aute
591 3880 706 3926 anuum
736 3860 975 3927 CCCLXXXVI
1005 3862 1217 3945 compositum
1251 3884 1321 3929 esse

172 3970 309 4043 constat,
334 3986 396 4049 qna
420 3965 458 4031 de
482 3987 515 4032 re
537 3968 569 4031 in
594 3969 697 4051 capite
721 3968 821 4033 altero
844 3969 940 4033 buius
964 3968 1167 4051 praelationis
1191 3990 1321 4054 expone·

171 4078 234 4152 tur,
272 4073 354 4138 nihil
386 4076 492 4139 tamen
525 4075 641 4151 obstat,
675 4094 736 4159 quo
770 4076 875 4140 minus
909 4076 1112 4140 Ambrosium
1143 4077 1178 4141 id
1209 4081 1321 4160 postea

171 4178 351 4244 Theodosio
385 4180 512 4246 misisse
546 4182 720 4247 credamus.
760 4182 844 4263 quod
877 4202 934 4247 cur
964 4183 1075 4248 fecerit
1105 4185 1193 4249 uario
1225 4184 1319 4250 modo

169 4285 320 4368 explicari
358 4291 475 4369 potest.
513 4306 548 4353 ac
585 4289 723 4372 primum
761 4288 975 4355 Theodosium
1008 4290 1113 4373 ipsum
1146 4290 1180 4355 id
1211 4291 1250 4355 ab
1283 4310 1319 4357 eo

168 4393 426 4475 expostulauisse
460 4394 544 4459 haud
576 4395 783 4478 improbabile
815 4396 874 4461 tibi
907 4396 1078 4475 uidebitur,
1107 4398 1134 4461 si
1163 4398 1319 4481 epistulae
