3100 4967
218 434 259 489 De
272 435 407 505 interpell.
418 436 467 490 Iob
483 440 511 490 et
520 436 609 491 Dauid
618 436 676 491 1111
686 436 735 505 (II)
747 438 771 492 8.
783 437 808 503 9,
818 438 924 493 31-83
944 437 967 501 (l
979 437 1031 491 650
1040 437 1153 493 1)-651
1165 436 1207 507 Ε).
1253 441 1318 503 293

174 629 374 713 germanitati
410 630 512 713 pietas
550 633 711 695 reseruata
748 634 807 696 est.
844 631 934 694 uenit
969 630 1115 696 dominus
1147 632 1249 709 Iesus,
1281 635 1363 697 ntB

172 737 376 802 resuscitaret
407 736 518 816 Adam,
551 737 761 803 resuscitatus
794 740 845 802 est
876 742 909 802 et
939 737 1031 813 Abel,
1064 738 1157 803 cuius
1189 758 1319 804 munera

172 843 362 925 placuerunt
389 842 458 909 deo.
488 844 607 927 optulit
635 846 737 909 semet
763 844 871 927 ipsum
899 843 1046 909 dominus
1073 844 1176 923 Iesus,
1203 845 1237 909 id
1269 850 1320 911 est

172 949 328 1033 primitias
352 950 402 1017 sni
426 949 566 1034 eorporis
588 951 620 1014 in
645 950 809 1036 sanguinis
832 950 1014 1032 aspersione
1036 950 1151 1016 melius
1168 951 1319 1034 loquente

140 1076 266 1139 aquam
291 1056 422 1142 sangnis
445 1057 526 1121 Abel
547 1057 677 1123 locutus
701 1056 732 1121 in
756 1060 841 1121 terra
862 1062 922 1121 est.
945 1057 1085 1139 respexit
1102 1057 1180 1122 deus
1198 1058 1230 1123 iu
1249 1059 1319 1123 eiua

172 1183 313 1239 munere,
347 1182 383 1228 er
415 1184 477 1247 qno
509 1164 580 1247 ipse
611 1164 880 1229 reconciliationis
911 1163 1038 1229 diuinae
1066 1165 1201 1249 gratiam
1228 1166 1319 1231 bonis
1419 1185 1422 1191 ’

172 1270 302 1353 reliquit
319 1270 500 1337 heredibus.
520 1274 605 1337 recte
624 1270 724 1355 igitur
743 1274 872 1335 sauctus
892 1271 1006 1348 Dauid,
1026 1271 1118 1355 quasi
1136 1290 1320 1355 erpersoua

173 1378 369 1443 reconciliati
392 1379 530 1445 hominis
554 1379 619 1443 ait:
643 1382 682 1444 et
704 1378 887 1443 introibo
912 1378 958 1442 ad
982 1379 1112 1443 altare
1140 1379 1204 1444 dei
1231 1382 1317 1457 mei,

81 1478 127 1542 33
174 1486 219 1549 ad
239 1484 364 1564 deum,
385 1485 952 1569 quilaetiiicatiuuentutem
967 1503 1100 1550 meam.
1115 1486 1318 1552 adstruamus
1343 1489 1364 1545 c

129 1614 154 1655 ro
173 1592 257 1657 hunc
282 1592 401 1669 locum,
431 1593 457 1657 si
484 1610 668 1677 possumus,
694 1592 790 1657 etiam
815 1593 946 1657 alterius
969 1594 1143 1675 prophetae
1166 1593 1318 1676 exemplo,

173 1698 439 1782 quemadmodum
463 1699 601 1769 hominis
626 1703 659 1764 et
681 1702 847 1764 auersatus
872 1699 1086 1764 sitdominus
1112 1700 1202 1784 prius
1226 1700 1320 1765 sacri-

172 1806 244 1871 ficia
276 1810 309 1871 et
339 1809 452 1890 postea
484 1806 528 1871 sit
559 1806 661 1871 eidem
693 1805 927 1872 reconciliatus,
960 1806 1114 1871 habemns
1146 1808 1178 1872 in
1207 1807 1320 1872 Esaiae

172 1912 252 1978 libro
291 1913 444 1995 scriptum
482 1912 605 1978 dicente
643 1912 721 1977 deo:
760 1932 836 1995 quo
873 1912 972 1977 mibi
1008 1912 1319 1978 multitudinem

174 2020 481 2085 sacrificiorum
516 2023 774 2085 nestrorum?
808 2019 914 2084 dicit
945 2021 1144 2085 domiuus.
1172 2021 1318 2104 plenus

49 2162 52 2167 -
129 2148 154 2187 a
174 2143 268 2204 sum,
291 2126 324 2191 id
349 2130 415 2191 est:
441 2126 566 2191 abundo
590 2127 682 2203 maia,
704 2130 815 2191 nestra
836 2144 897 2191 non
918 2146 1044 2210 quaero,
1062 2127 1321 2192 holocautomata

172 2230 306 2297 arietum
325 2235 357 2297 et
375 2232 499 2315 adipem
518 2250 670 2318 agnorum
690 2236 722 2297 ot
736 2233 922 2318 sanguinem
936 2238 1099 2299 taurorum
1114 2236 1148 2297 et
1160 2234 1320 2298 hircorum
1399 2296 1404 2305 ,

172 2338 256 2415 nolo,
279 2357 337 2403 nec
360 2338 406 2403 sio
429 2338 566 2404 neniatis
589 2339 621 2403 in
647 2346 854 2423 conspectum
878 2360 995 2405 meum.
1020 2344 1053 2406 et
1074 2340 1187 2422 ntique
1211 2359 1229 2404 a
1250 2340 1318 2404 fetu
1337 2344 1363 2398 D

172 2462 321 2529 pecorum
345 2446 506 2527 optulerat
527 2445 609 2510 Abel
632 2444 833 2522 sacrificium,
856 2446 889 2510 in
910 2465 971 2528 qno
991 2448 1155 2529 placuerat
1172 2446 1241 2512 (leo.
1261 2446 1318 2510 sed

171 2557 284 2635 typum
320 2570 381 2617 non
417 2552 607 2633 requirebat,
644 2552 698 2634 qui
737 2552 922 2634 expectabat
951 2552 1098 2619 sacrificii
1129 2554 1317 2628 ueritatem

128 2682 154 2725 ao
172 2655 395 2739 expectabatur
414 2656 498 2722 anim
516 2658 623 2740 passio
644 2657 764 2723 domini
788 2658 948 2724 salutaris.
973 2659 1064 2742 quis
1088 2658 1190 2724 enim
1213 2658 1319 2740 inquit

171 2764 255 2829 ista
272 2764 502 2847 requisiuit
521 2763 566 2829 de
585 2764 771 2829 manibus
791 2765 972 2829 uestris?
992 2765 1151 2830 calcare
1166 2765 1316 2849 regiam

172 2889 293 2935 meam
335 2890 408 2937 uon
448 2871 674 2955 adponetis.
713 2874 744 2936 et
780 2871 880 2936 inira:
919 2890 1004 2935 eum
1043 2870 1316 2937 extenderitis

172 2996 311 3042 maana
340 2976 385 3041 ad
414 2996 482 3055 me,
512 2980 691 3042 auertem
719 2977 868 3042 faciem
895 2996 1019 3042 meam
1047 2996 1066 3041 a
1093 2976 1223 3044 uobis.
1248 2977 1317 3043 sed

171 3083 380 3160 lucramini,
401 3084 537 3149 mundi
557 3086 701 3161 estote,
718 3084 1093 3149 aufertemalitiam
1109 3085 1154 3148 ab
1170 3085 1317 3150 animis

127 3218 153 3259 aa
173 3190 339 3256 uestris.
363 3190 549 3255 iudicate
572 3190 734 3274 pupillo
759 3194 798 3255 et
820 3190 1060 3255 iustificate
1082 3191 1250 3256 uiduam
1278 3196 1318 3257 et

172 3297 311 3363 uenite
339 3297 609 3380 disputemus
639 3297 744 3362 dicit
767 3298 963 3362 dominns.
988 3298 1087 3362 claret
1108 3298 1208 3382 igitur
1232 3298 1361 3380 quoda

259 3554 363 3611 iGcn.
383 3556 547 3621 tillebr.
568 3556 610 3621 12,
629 3558 664 3611 24
718 3556 1037 3615 arsumxxxxne
1093 3559 1125 3613 13
1144 3558 1218 3614 Esai.
1240 3560 1263 3623 1,
1284 3560 1315 3613 11

172 3646 207 3701 20
225 3646 297 3699 Esai.
319 3650 343 3709 1,
365 3646 396 3699 12
416 3662 456 3713 eq.
513 3646 547 3699 22
566 3646 638 3699 Esai.
660 3646 684 3709 1,
705 3646 810 3701 15-18

111 3878 113 3883 Α
207 3822 224 3875 3
237 3820 308 3889 sort.
323 3820 483 3891 placuerant
537 3820 660 3875 dominu
673 3820 749 3875 lesus
763 3820 854 3876 om.B
868 3822 911 3888 (in
923 3838 973 3891 my.
985 3825 1032 3876 me
1045 3822 1074 3875 al
1087 3823 1177 3891 ipsum
1191 3821 1317 3877 dominus

170 3909 258 3977 Iesus)
304 3910 458 3980 tcorporis
478 3910 520 3963 sui
539 3910 566 3963 B
611 3912 736 3965 bestia
754 3910 904 3964 terraBP¹
951 3911 982 3964 ll
1004 3914 1032 3964 et
1051 3912 1167 3965 hominis
1181 3912 1317 3965 Eraemue

208 3997 366 4053 aduersatus
389 4000 417 4053 B
440 4000 483 4067 (aba
508 4016 559 4069 nep.
583 4004 630 4054 m2
658 4000 686 4053 al
713 4006 865 4059 auersatus)
1014 4002 1087 4070 priua
1113 4000 1137 4054 G
1159 4006 1268 4071 praeter
1289 3999 1317 4053 B

173 4088 214 4153 (in
228 4104 277 4157 my.
292 4089 481 4158 m2primum)
497 4095 544 4143 cet.
602 4089 635 4143 12
655 4088 752 4159 eidem]
771 4089 874 4143 eiDP‘
931 4090 963 4143 18
983 4078 1039 4145 dnm
1054 4090 1143 4153 BDC,
1162 4094 1233 4144 recte
1245 4095 1316 4158 pato

174 4176 206 4231 15
226 4177 443 4231 olocaustomata
460 4176 488 4230 P
506 4182 529 4241 (s
548 4192 571 4233 e.
590 4182 629 4243 a)
648 4177 886 4231 holocaustomata
904 4184 950 4232 cel.
1043 4180 1076 4232 17
1099 4182 1273 4249 conspectum
1291 4178 1319 4231 P

172 4270 316 4335 conspectu
336 4266 363 4318 B
434 4282 495 4320 meo
514 4266 602 4335 ΡΜ
620 4270 719 4331 meum)
741 4267 768 4319 B
822 4268 856 4320 20
876 4267 1020 4321 saluatoris
1039 4267 1103 4320 DP‘
1164 4268 1199 4321 22
1217 4284 1272 4321 non
1290 4267 1319 4320 P

171 4354 198 4424 (rr
219 4356 268 4409 alt.
288 4372 309 4410 a.
329 4354 369 4425 a.)
423 4356 457 4410 25
477 4354 580 4425 popillo
600 4354 627 4408 P
681 4356 715 4410 26
734 4356 820 4425 igitur
837 4356 865 4408 P
885 4356 905 4422 (i
926 4357 975 4410 alt.
995 4372 1015 4410 a.
1035 4355 1075 4425 a.)
