3100 4967
648 437 869 492 Praelatio.
951 414 957 425 ’
1227 438 1336 504 XXIII

184 631 253 695 raui
285 632 444 715 epistulas
472 636 566 715 atque
594 633 737 715 quintam
765 633 932 717 integram.
960 633 983 697 f.
1013 632 1216 697 rear-156⁸
1238 650 1334 697 manu

184 738 246 803 alia
273 741 431 803 tractatus
460 738 603 803 adiectus
631 742 682 804 est
709 738 747 803 de
776 758 972 824 gemmarum
1002 740 1036 804 ui
1060 736 1233 822 mysticat
1257 742 1289 803 ct
1311 738 1333 803 f.

184 846 263 909 156¹
285 845 364 909 itam
388 864 483 911 mauu
507 846 569 911 alia
592 866 716 911 carmen
739 847 770 911 in
795 848 945 913 bonorem
970 866 995 911 s.
1019 844 1191 931 Arnulfi.’)
1221 845 1334 911 tertius

184 955 235 1016 est
256 951 484 1017 Parisiacus
511 952 617 1017 12137
638 952 690 1039 (P)
710 952 829 1019 formae
848 953 1074 1036 quartanariaa
1093 952 1241 1017 foliorum
1262 953 1337 1025 148,

184 1058 304 1123 saeculi
324 1058 428 1133 vnn,
448 1078 541 1142 quem
560 1080 596 1124 er
619 1060 722 1125 tribus
743 1060 908 1125 codicibus
927 1063 1072 1125 constare
1090 1060 1123 1123 in
1142 1058 1335 1141 praefatione

183 1165 360 1230 uoluminis
392 1166 486 1249 primi
518 1166 818 1232 demonstrauimus.
846 1186 883 1231 ac
914 1166 1037 1249 primus
1068 1166 1167 1230 libros
1200 1164 1239 1229 de
1265 1164 1336 1229 Noe

183 1272 218 1357 (f.
250 1274 398 1356 1¹-25u
425 1276 457 1338 et
485 1273 523 1339 de
546 1274 704 1339 Abraham
733 1270 920 1359 (am-60⁰)
944 1273 1176 1357 complectitur.
1200 1272 1232 1335 in
1257 1270 1334 1336 folio

185 1382 241 1445 co
265 1380 380 1445 casamo
409 1383 483 1463 post
510 1381 774 1465 subscriptionem
803 1380 999 1447 uxamam
1026 1380 1082 1445 us
1106 1362 1185 1445 sco
1209 1379 1335 1443 assa-

183 1486 280 1551 Ham
308 1486 434 1550 ursas
456 1486 487 1550 11
511 1483 669 1553 morsm
698 1488 824 1554 asnaa
851 1488 907 1554 ua
935 1472 1018 1555 s‘cu
1038 1486 1172 1556 isaac.
1197 1504 1259 1568 qua
1282 1484 1336 1551 ao·

185 1612 295 1659 camur
319 1593 395 1659 olim
419 1596 566 1659 secutum
590 1612 659 1659 esse
682 1594 799 1660 librum
823 1594 862 1659 de
880 1596 971 1659 Isaac
989 1598 1022 1659 et
1040 1593 1125 1677 quod
1142 1592 1211 1657 ueri
1231 1591 1335 1656 simile

186 1703 236 1763 est
259 1716 315 1763 eos
339 1698 377 1763 de
400 1696 482 1764 bono
505 1700 627 1775 martia,
652 1699 690 1764 de
710 1700 787 1785 fuga
806 1700 938 1775 saeculi,
958 1699 996 1765 de
1013 1699 1120 1773 Iacob,
1139 1699 1173 1763 in
1191 1696 1335 1781 margine

184 1804 333 1871 inferiore
360 1824 475 1869 manus
503 1805 565 1869 alis
593 1806 801 1872 crassioribus
825 1824 885 1871 usa
906 1805 1025 1871 litteris
1048 1805 1127 1869 baec
1150 1796 1334 1887 adscripsit:

186 1912 375 1997 ‘apologiam
410 1912 560 1978 ambrosii
592 1912 631 1978 de
663 1918 740 1996 prbp
773 1909 814 1974 eid
846 1912 902 1977 lib.
933 1913 959 1977 Ι.
994 1910 1136 1976 ciusdem
1169 1910 1208 1976 de
1239 1911 1335 1995 patri-

187 2018 290 2085 archis
318 2019 391 2084 libri
419 2020 490 2085 duo.
524 2020 606 2085 Item
634 2020 778 2085 eiusdem
801 2019 841 2085 de
863 2018 1057 2103 paenitentia
1078 2016 1123 2083 lib
1148 2018 1219 2083 duo.
1253 2018 1335 2083 Item

187 2126 329 2191 eiusdem
355 2126 393 2191 de
417 2144 547 2192 excessu
574 2124 631 2196 tlt
649 2126 739 2192 satiri
761 2127 867 2191 fratris
891 2126 942 2191 sui
960 2126 1033 2191 libri
1057 2126 1120 2191 duo
1144 2125 1176 2211 (o
1194 2125 1225 2189 in
1249 2125 1335 2208 rasi.

185 2233 281 2298 Ytam
323 2232 464 2299 eiusdem
506 2235 662 2317 epistulae
703 2236 863 2317 quattuor.
876 2231 902 2315 ³)
946 2232 1126 2317 apologiam
1161 2232 1336 2315 propbetas

187 2340 282 2405 dauid
315 2341 473 2424 praesenti
505 2340 695 2424 arripuimus
729 2340 803 2405 stilo
835 2340 972 2405 scribere
1005 2359 1067 2405 non
1102 2358 1163 2422 quc
1199 2338 1255 2404 ille
1290 2338 1336 2401 in·

187 2446 316 2532 digest’.
350 2466 386 2513 en
414 2448 511 2513 babes
542 2447 679 2513 indicem
712 2448 920 2531 scriptionum
952 2466 1033 2531 quae
1064 2445 1172 2513 codice
1203 2446 1230 2509 B
1263 2464 1336 2510 con-

186 2555 339 2623 tinentur.
372 2558 467 2639 atque
498 2554 576 2621 baec
608 2554 713 2621 omnia
745 2574 826 2637 quae
857 2556 921 2619 iam
954 2555 1098 2637 sequitur
1132 2572 1205 2637 para
1238 2553 1337 2618 altera

234 2714 254 2781 ¹)
274 2710 775 2818 initium:¹‘1aspisuiridiauiroressl
793 2710 857 2765 fidei
875 2712 904 2765 iu
926 2710 1137 2765 marcescibilem
1157 2708 1234 2779 sigis,
1253 2706 1337 2762 uerba

187 2831 296 2884 ultima:
313 2830 388 2899 ‘Sigir
403 2846 422 2898 g
436 2828 553 2883 ametist'
568 2826 676 2881 celestis
691 2842 797 2897 semper
810 2827 887 2897 regni
900 2826 1056 2881 memoriam
1070 2825 1216 2881 inhumiliu
1229 2790 1335 2879 animia*

233 2921 254 2985 2)
273 2934 390 2978 carmen.
410 2917 486 2971 cuius
504 2932 604 2985 paucos
623 2932 716 2969 uersus
735 2915 763 2968 iu
783 2914 908 2985 catalogo
928 2932 1009 2985 supra
1028 2914 1101 2970 dicto
1120 2914 1227 2968 adlatos
1241 2912 1334 2974 habea,

186 3010 276 3061 totum
295 3004 348 3059 hoc
366 3005 426 3059 loco
444 3020 603 3074 proponam:

404 3092 524 3163 Angelus
544 3110 558 3147 e
578 3092 740 3155 colorauit,
760 3109 813 3161 quo
831 3092 907 3147 iussa
923 3093 1028 3147 ferente

404 3182 532 3237 Amulius
551 3182 639 3237 sterili
657 3182 789 3251 processit
808 3186 922 3253 utroque
940 3187 1061 3252 parente.

405 3271 487 3327 Ortus
506 3271 539 3326 ab
560 3272 673 3340 antiqua
691 3269 855 3325 Francorum
872 3270 1018 3325 nobilitata

404 3362 530 3425 Nobilior
546 3360 651 3415 meritis
670 3358 840 3429 resplenduit
858 3363 886 3414 et
903 3360 1050 3431 probitate.

405 3451 506 3507 Consul
523 3450 668 3504 Remorum
687 3449 750 3517 fuit,
768 3447 833 3503 inde
852 3466 927 3503 sacer
945 3449 1081 3504 Turonum

403 3542 500 3595 Pastor
516 3540 653 3601 mirificus,
672 3539 714 3592 uir
732 3538 903 3608 paupertatis
921 3539 1031 3593 amicus.

406 3630 498 3685 Gloria
514 3630 636 3701 martyrii
654 3628 837 3700 praecandida
855 3629 1013 3698 uirginitate

403 3720 546 3777 Amulium
565 3719 675 3775 decorat
693 3718 795 3775 clarum
813 3718 877 3773 fidei
895 3720 1007 3790 pietate.

299 3868 309 3875 ,
404 3811 474 3865 Hinc
491 3808 585 3865 laudes
605 3808 712 3865 Christo
731 3826 779 3879 pro
798 3812 914 3877 martyre
932 3808 1062 3863 soluimus
1081 3809 1142 3862 isto.

405 3899 495 3954 Gallia
511 3903 639 3961 testatur,
658 3914 739 3968 super
755 3897 808 3951 boc
826 3897 959 3967 Hispania
976 3897 1058 3961 fatur,

404 3988 491 4043 Italus
511 3988 628 4058 expauit,
648 3988 712 4057 quia
729 4004 746 4041 a
763 3992 850 4041 morte
870 3986 982 4041 leuauit.

180 4082 213 4134 iu
234 4094 318 4132 uersu
336 4078 431 4132 ultimo
449 4076 565 4131 fortasse
584 4078 651 4145 qaia
671 4082 723 4130 tres
743 4074 914 4130 scribendum
933 4079 983 4130 est.
1004 4093 1057 4145 quo
1076 4076 1193 4131 carmine
1211 4081 1334 4145 respecto

181 4172 213 4225 in
234 4167 364 4237 catalogo
383 4167 514 4221 conicitur
531 4166 602 4220 bunc
615 4165 713 4220 librum
729 4166 895 4229 monasterii,
910 4165 985 4235 quod
997 4166 1077 4220 Saint
1089 4164 1192 4219 arnoul
1207 4164 1240 4219 de
1255 4164 1334 4235 Crepi

179 4256 348 4319 uocabatur,
368 4256 431 4310 olim
449 4254 542 4311 luisse.

232 4344 256 4412 3)
278 4344 396 4415 epistula
414 4344 509 4414 quinta
527 4344 702 4414 inscriptione
720 4359 773 4397 uon
792 4344 910 4413 praefixa
928 4359 988 4399 cum
1007 4346 1103 4413 quarta
1122 4344 1266 4397 coniuncta
1284 4348 1335 4397 est.
