3100 4967
283 406 347 467 522
750 404 949 458 Ambrosii

281 598 472 663 laudabilior
499 598 554 682 qui
581 599 662 663 illud
689 600 816 683 refugit.
850 600 1093 682 depecuniam,
1122 601 1150 666 si
1180 602 1292 667 habes:
1325 601 1426 684 prosit
1489 615 1509 667 u

282 705 336 768 alii
355 724 435 787 quae
454 706 513 771 tibi
537 712 587 772 est
606 708 717 773 otiosa.
742 707 783 772 da
807 708 897 789 quasi
915 727 976 771 nou
1000 710 1197 791 recepturus,
1216 711 1254 773 ut
1277 709 1316 773 de
1339 709 1425 773 lucro

282 814 383 890 cedet,
408 815 435 879 si
459 814 582 877 reddita
608 814 715 879 luerit.
750 814 804 896 qui
832 834 892 879 non
916 813 1022 879 reddit
1042 816 1210 897 pecuniam
1234 815 1340 880 reddit
1362 834 1427 899 gra-

281 922 368 985 tiam.
395 920 421 985 si
440 920 594 985 fraudaris
614 922 756 1004 pecunia,
782 921 922 1004 adquiris
946 922 1117 997 iustitiam3
1141 923 1248 988 iustus
1273 925 1325 986 est
1346 922 1428 986 euim

283 1028 338 1111 qui
360 1028 529 1092 miseretur
552 1030 584 1092 et
607 1028 797 1092 commodat.
830 1028 859 1091 si
881 1028 1039 1093 amittitur
1060 1029 1204 1111 pecunia,
1229 1033 1428 1113 comparatur
1455 1052 1468 1089 e

282 1134 514 1204 misericordia:
535 1134 689 1217 scriptum
705 1139 755 1199 est
770 1135 869 1199 enim:
889 1136 959 1217 qui
977 1135 1081 1199 lacit
1099 1135 1427 1201 misericordiam

283 1243 467 1306 foenerat
489 1241 681 1323 proximo.

216 1348 280 1433 3,9
326 1349 423 1413 Multi
447 1347 603 1431 dispendii
625 1350 712 1413 metu
737 1368 798 1413 uon
822 1349 992 1425 faenerant,
1012 1348 1088 1413 dum
1107 1348 1249 1414 fraudem
1269 1352 1426 1425 serentur,
1492 1359 1509 1411 Ε

283 1459 316 1520 et
338 1456 398 1520 hoc
421 1458 472 1519 est
494 1454 579 1537 quod
601 1455 784 1537 petentibus
808 1460 1044 1521 consueuerunt
1066 1457 1191 1521 referre.
1223 1457 1338 1521 horum
1361 1454 1426 1520 nni-

284 1564 397 1643 cuique
431 1562 560 1627 dicitur:
594 1562 716 1644 perde
749 1563 962 1643 pecuniam
994 1566 1161 1646 propter
1192 1564 1361 1627 fratrem
1390 1565 1465 1627 etro

284 1668 454 1733 amicum
479 1672 517 1733 et
540 1688 614 1733 uon
640 1668 865 1733 abscondas
890 1670 1005 1734 illam
1029 1670 1101 1734 sub
1125 1669 1263 1751 lapide
1287 1670 1324 1733 iu
1348 1688 1427 1752 per-

284 1775 493 1841 ditionem.
530 1795 631 1858 pone
669 1776 931 1841 thensaurum
969 1780 1080 1841 tuum
1117 1776 1155 1841 in
1192 1777 1428 1859 praeceptis

284 1883 494 1960 altissimi,
519 1886 558 1947 et
581 1883 766 1966 proderit
789 1884 868 1948 tibi
892 1884 1021 1968 magis
1046 1902 1160 1965 quam
1190 1902 1340 1947 aurum.
1373 1882 1428 1948 sed

284 1988 518 2053 obsurduerunt
545 2008 636 2053 anres
665 1989 829 2053 hominum
858 1988 898 2053 ad
924 1994 991 2053 tam
1019 1989 1170 2053 salutaria
1199 1992 1368 2072 praecepta
1398 1993 1430 2053 et
1491 2000 1509 2053 Ρ

283 2096 415 2160 maxime
440 2095 556 2160 diuites
581 2114 650 2159 aere
673 2095 729 2160 illo
753 2096 905 2178 pecuniae
929 2115 1005 2161 suae
1028 2114 1120 2161 aures
1149 2095 1275 2161 clausas
1303 2096 1428 2161 habent
1447 2119 1470 2158 u

284 2203 359 2267 dum
391 2203 558 2285 pecuniam
592 2206 768 2279 numerant,
802 2221 953 2287 responsa
984 2222 1046 2268 non
1079 2202 1223 2267 audiunt.
1261 2203 1360 2266 simul
1395 2206 1430 2266 nt

283 2310 384 2392 aliqui
415 2310 606 2375 necessitate
639 2310 832 2374 constrictus
864 2314 922 2375 aut
952 2329 1008 2393 pro
1046 2330 1176 2375 suorum
1213 2310 1429 2393 redemptione

284 2416 454 2493 sollicitus,
489 2436 568 2500 quos
602 2418 747 2500 captiuos
780 2419 932 2483 barbarus
964 2417 1092 2495 uendat,
1130 2437 1242 2500 rogare
1279 2417 1428 2499 coeperit,

284 2524 392 2589 statim
422 2524 512 2589 diues
540 2524 668 2589 uultum
693 2525 819 2603 auertit,
843 2528 988 2590 naturam
1011 2545 1072 2591 non
1095 2525 1305 2611 recognoscit,
1329 2524 1429 2589 humi·

283 2632 407 2695 litatem
437 2630 591 2714 supplicis
620 2650 680 2696 nou
709 2632 888 2709 miseratur,
916 2633 1140 2698 necessitatem
1173 2652 1236 2697 uon
1268 2632 1426 2706 subleuat,
1443 2639 1539 2696 ussit

283 2738 489 2821 fragilitatem
514 2758 713 2804 communem
738 2758 799 2824 non
823 2738 1011 2815 considerat,
1036 2740 1101 2804 stat
1122 2738 1316 2815 inflexibilis,
1343 2757 1426 2803 resu-

284 2845 388 2927 pinus,
421 2864 482 2909 nou
516 2845 662 2928 precibus
695 2846 874 2923 inclinatur,
906 2865 968 2910 non
1005 2845 1145 2911 lacrimis
1178 2848 1338 2924 mouetur,
1369 2864 1427 2909 nou

283 2952 478 3017 heiulatibus
506 2952 672 3035 frangitur,
700 2952 808 3017 iurans
836 2951 921 3034 quod
948 2971 1010 3016 nou
1034 2953 1158 3030 habeat,
1182 2953 1282 3016 immo
1306 2951 1430 3034 etipse

282 3060 507 3125 faeneratorem
531 3059 680 3141 requirat,
704 3062 741 3123 ut
768 3058 1014 3124 necessitatibus
1047 3058 1218 3124 snbueniat
1241 3058 1320 3123 suis.
1353 3057 1430 3140 quid

283 3165 373 3231 addis
398 3166 532 3230 duritiae
557 3172 588 3229 et
611 3166 762 3229 auaritiae
785 3168 861 3230 tuae
886 3170 1140 3231 sacramentum?
1168 3185 1228 3230 nou
1252 3165 1429 3230 absolueris
1445 3189 1468 3226 ss

371 3410 388 3462 4
411 3407 511 3461 Psalm.
536 3406 597 3461 cxl
621 3408 638 3459 ἵ)
728 3408 744 3459 6
769 3406 821 3461 sir,
841 3407 884 3470 29,
905 3408 917 3461 1
1012 3408 1046 3462 10
1065 3407 1115 3460 Sir.
1135 3408 1178 3471 29,
1200 3407 1233 3461 10
1251 3424 1291 3476 sq.
1311 3407 1358 3471 (13
1378 3407 1429 3476 sq.)

286 3498 316 3551 19
336 3498 399 3551 Bas.
419 3497 471 3550 265
491 3494 512 3550 C
531 3494 593 3566 <107
613 3494 669 3547 DE*

320 3618 472 3686 lrefugiut
491 3618 512 3683 (i
529 3634 550 3671 s.
570 3635 597 3671 u.
617 3616 725 3683 m2)V
797 3616 894 3671 2aliis
919 3617 946 3671 V
1033 3618 1123 3671 ociosa
1142 3622 1185 3671 est
1205 3617 1266 3671 DP‘
1339 3618 1428 3672 3non

282 3708 378 3763 reddet
397 3706 448 3759 ΡΟ
498 3706 595 3759 reddet
613 3705 704 3759 ΠΡΟ
738 3704 944 3760 dfraudaueris
962 3706 990 3758 B
1044 3706 1159 3775 pecunia
1177 3705 1205 3759 P
1256 3706 1384 3775 adquires
1403 3708 1429 3761 B

283 3798 481 3851 9cousuerunt
504 3794 530 3848 V
579 3797 609 3848 ll
630 3796 678 3848 ills
695 3794 723 3848 P
772 3794 884 3871 ¹lapide
902 3795 930 3848 B
980 3796 1013 3848 12
1031 3795 1209 3848 thensaurum
1226 3795 1254 3849 P
1269 3796 1428 3850 thesaurum

283 3891 330 3939 cet.
405 3884 437 3937 14
457 3882 654 3937 obsurduerunt
673 3884 700 3935 P
717 3890 742 3936 et
761 3889 788 3945 (r
807 3887 854 3936 m2
870 3900 891 3937 s.
912 3902 927 3948 q
948 3884 1009 3949 alt.)
1029 3884 1057 3936 B
1119 3884 1152 3938 15
1171 3883 1218 3937 illo
1238 3884 1269 3953 (s.
1289 3901 1326 3946 re,
1346 3892 1429 3951 eras.)

283 3990 346 4027 suae
365 3973 494 4043 pecuniae
513 3972 543 4027 D
562 3989 625 4026 suae
644 3974 775 4042 pecuniae
795 3980 857 4031 (oue.
877 3972 936 4039 illo)
955 3972 990 4025 P‘
1055 3974 1088 4026 lc
1106 3975 1250 4026 numerant
1268 3976 1297 4039 (v
1314 3990 1338 4029 a.
1356 3978 1385 4036 o)
1403 3974 1431 4027 P

284 4064 315 4116 17
335 4062 419 4132 aliqui
438 4066 480 4114 mi
498 4061 556 4115 PV
573 4060 671 4131 aliquis
690 4064 737 4115 m2
755 4060 813 4113 PV
830 4066 877 4115 cet.
950 4060 1131 4132 redimptione
1149 4061 1177 4115 P
1192 4060 1381 4132 redemptione
1400 4066 1428 4133 (p

281 4169 301 4205 s.
322 4168 347 4203 u.
369 4150 474 4217 ue2)V
522 4150 553 4204 18
573 4150 704 4203 sollicitos
724 4150 751 4202 P
821 4147 943 4203 barbaris
963 4150 991 4203 D
1063 4148 1187 4203 uendidit
1204 4148 1270 4204 DP‘
1315 4151 1429 4221 aosup
1542 4171 1543 4200 1

283 4240 360 4310 plicis
381 4238 414 4304 qis
434 4256 466 4292 erc
486 4242 523 4303 es)
544 4240 571 4291 P
588 4238 718 4309 subplicis
742 4238 767 4290 V
836 4238 997 4291 miscreatur
1014 4238 1042 4291 P
1057 4240 1219 4308 misereatur
1240 4238 1428 4307 Vmerorum

281 4328 331 4381 sub
352 4342 365 4380 e
384 4333 465 4393 erus.)
487 4329 629 4381 miseretur
647 4327 709 4381 Pu
758 4328 792 4381 23
811 4326 977 4381 hciulatibus
996 4327 1026 4395 (h
1045 4331 1115 4395 exp.)
1136 4326 1162 4381 V
1179 4326 1326 4381 eiulatibus
1339 4328 1432 4383 DP'C
