3100 4967
262 411 304 473 90
730 405 933 460 Ambrosii

263 603 348 685 3333
377 604 506 684 elapsus
538 605 588 666 est
615 621 673 666 neo
702 602 803 683 pluris
831 601 908 665 fecit
936 599 1129 664 uestimenta
1153 600 1294 681 corporis
1319 617 1409 680 quam

262 711 360 774 animi
388 709 620 775 castimoniam.
648 707 780 790 reliquit
807 710 971 790 tamquam
1000 727 1061 771 non
1086 725 1143 770 sua
1167 725 1247 788 quae
1271 705 1411 770 adultera

262 817 330 881 suis
345 816 492 880 manibus
508 815 671 879 detinebat
690 819 723 879 et
742 814 845 879 aliena
862 813 1019 879 iudicauit
1038 833 1118 895 qnae
1137 817 1227 878 tactu
1245 811 1411 894 inpudicae

261 927 432 1006 pomerani
450 921 673 1003 conprehendi.
694 941 829 1006 magnus
849 921 1035 998 temanum,
1056 922 1111 1003 qui
1129 921 1278 986 33333333
1299 919 1411 984 3333313
1464 920 1481 974 F

261 1030 400 1094 nesciuit
435 1029 610 1112 ingenium,
649 1028 818 1094 adamatus
856 1048 917 1092 non
956 1028 1146 1104 3333333333,
1183 1032 1316 1111 rogatus
1353 1045 1410 1090 333
1438 1049 1449 1087 a
1537 1081 1538 1084 ,

263 1136 438 1218 3333333333,
470 1136 706 1217 conprehensus
740 1135 877 1219 aufugit,
912 1133 966 1215 qni
1000 1154 1071 1198 cunr
1103 1134 1140 1198 ab
1169 1153 1265 1198 uxore
1295 1133 1412 1198 domini

263 1244 496 1317 conueniretur,
525 1243 625 1307 teneri
654 1244 744 1306 33333
773 1243 890 1324 333333,
920 1260 980 1306 333
1010 1241 1116 1323 333333
1145 1242 1249 1304 animo
1279 1241 1351 1321 capi
1378 1258 1411 1303 33

262 1367 301 1413 33
332 1350 404 1431 3333
436 1349 535 1413 uerba
567 1348 621 1412 din
656 1348 784 1430 quidem
817 1367 932 1429 333333
967 1347 1150 1430 contagium
1183 1347 1351 1423 iudicauit,
1386 1345 1411 1409 si

264 1455 386 1519 diutius
411 1459 596 1532 3333333333,
621 1475 659 1518 33
683 1474 739 1536 333
761 1473 873 1518 manus
897 1455 1059 1518 adulterae
1082 1453 1224 1517 libidinis
1252 1453 1412 1518 incentina

262 1563 442 1626 3333333333.
475 1562 584 1646 333333
619 1564 742 1625 uestem
776 1562 873 1636 33333,
907 1561 1025 1624 crimen
1059 1560 1200 1625 excussit
1232 1563 1264 1624 et
1290 1559 1411 1624 relictis
1429 1585 1451 1622 io
1537 1609 1538 1648 ,

264 1669 380 1750 333333
413 1668 579 1732 tenebatur
611 1668 734 1731 exuuiis
769 1669 926 1751 spoliatus
960 1667 1099 1749 quidem,
1133 1667 1188 1730 sed
1217 1687 1278 1732 non
1307 1666 1411 1730 nudus

264 1775 400 1858 aufugit,
431 1775 506 1855 quia
533 1779 601 1837 3333
626 1774 742 1838 3333333
768 1773 953 1837 indumento
982 1772 1133 1856 33333333
1162 1792 1223 1836 333
1254 1775 1304 1838 333
1329 1773 1410 1837 eninr
1452 1775 1518 1828 1931

263 1881 368 1944 33333
400 1882 461 1944 nisi
497 1900 591 1962 quem
625 1881 720 1962 culpa
752 1880 931 1944 nudauerit.
965 1879 1098 1960 denique
1131 1880 1162 1942 in
1193 1879 1411 1961 superioribus

263 1988 417 2052 hebernus
442 1986 527 2069 qnod
545 1987 657 2063 Adam,
677 1992 887 2069 posteaquam
908 1987 957 2052 dei
977 1986 1125 2051 mandata
1143 1987 1413 2068 praeuaricatione

266 2094 407 2158 desernit
435 2100 467 2156 33
493 2093 618 2176 3333333
646 2093 753 2175 grauis
784 2113 854 2158 aera
883 2095 1065 2166 3333333333,
1096 2093 1199 2158 33333
1230 2096 1306 2157 erat.
1332 2093 1413 2156 unde
1432 2119 1454 2156 n

266 2203 299 2264 33
334 2200 404 2282 3333
442 2201 503 2264 ait:
545 2219 685 2264 uocem
727 2204 835 2264 tuam
880 2201 1019 2265 audini
1061 2201 1099 2264 in
1141 2200 1334 2284 paradiso
1379 2204 1414 2264 33

265 2307 392 2385 timui,
413 2307 507 2389 quia
525 2307 655 2371 nudus
677 2327 777 2385 3333,
799 2311 838 2372 33
857 2307 1055 2372 abscondi
1074 2328 1142 2372 me.
1162 2307 1414 2372 intellexitenim

265 2432 335 2478 esse
355 2435 389 2478 ee
406 2414 539 2488 333333,
556 2414 609 2496 333
622 2413 740 2478 infulas
757 2414 883 2478 diuinae
897 2415 1104 2494 protectionis
1121 2416 1279 2479 amiserat.
1297 2419 1330 2477 et
1342 2413 1413 2478 ideo

264 2521 394 2599 latebat,
419 2522 493 2604 qnia
516 2525 640 2584 uestem
664 2520 739 2584 fidei
762 2541 823 2584 non
848 2521 994 2597 habebat,
1020 2539 1115 2602 quam
1144 2520 1255 2602 ntique
1283 2537 1414 2602 praeua-

264 2628 393 2692 3333333
426 2628 584 2709 deposuit.
618 2647 765 2711 magnam
798 2647 864 2691 reni
896 2628 997 2692 uides.
1030 2627 1085 2690 ille
1119 2627 1223 2690 nudus
1253 2629 1331 2704 3333,
1361 2625 1488 2706 333333

266 2734 407 2798 tunicam
435 2754 496 2799 non
520 2735 647 2799 amisit:
672 2735 734 2798 iste
758 2735 863 2799 33333
887 2755 949 2800 333
974 2739 1050 2812 3333,
1076 2735 1129 2816 333
1154 2733 1357 2798 uestimentis
1382 2749 1415 2796 se

266 2841 361 2915 33333,
391 2859 470 2922 quae
497 2841 529 2904 in
558 2840 705 2904 manibus
734 2840 895 2905 adulterae
919 2840 1097 2922 dereliquit.
1124 2839 1234 2904 eadem
1257 2839 1416 2922 scriptura

174 2992 178 2998 1
265 2946 358 3010 illum
373 2945 495 3008 nudum
510 2945 661 3021 adseruit,
677 2947 761 3010 hunc
778 2947 898 3011 abnuit.
915 2950 947 3010 et
960 2946 1032 3011 ideo
1048 2947 1221 3028 expolienit
1234 2947 1296 3010 3333
1313 2965 1348 3010 33
1362 2966 1417 3030 33·

266 3054 330 3116 lius
340 3071 435 3134 quam
445 3051 589 3130 nudauit,
606 3054 660 3136 333
677 3054 859 3135 3333333333
873 3053 1031 3116 uirtutum
1047 3053 1242 3117 uestimenta
1256 3053 1417 3129 seruabat,

266 3159 426 3242 expolians
451 3177 484 3223 33
508 3163 647 3225 ueterem
665 3161 832 3227 ,hominem
857 3178 930 3222 oum
955 3159 1080 3223 actibus
1106 3161 1186 3234 eius,
1211 3162 1248 3222 ut
1271 3159 1419 3223 indueret
1435 3189 1459 3228 aa

265 3285 395 3330 nonum.
412 3266 468 3348 qui
482 3267 657 3330 secundum
667 3267 839 3349 imaginem
851 3266 999 3330 creatoris
1010 3267 1041 3329 in
1053 3265 1213 3348 agnitione.
1223 3271 1416 3330 renouatur:

265 3373 320 3436 ille
349 3375 456 3436 autem
484 3373 588 3436 nudus
616 3373 780 3446 remansit,
806 3372 861 3455 qui
885 3391 918 3436 se
942 3373 1055 3435 iterum
1080 3372 1199 3435 3333333
1224 3391 1284 3436 333
1308 3371 1419 3454 333333

358 3563 390 3616 10
410 3560 475 3616 Gen.
496 3563 540 3628 39,
560 3563 593 3616 12
668 3564 701 3616 15
722 3562 790 3616 Gon.
811 3563 871 3624 3,7
948 3560 1119 3625 ludent,
1147 3561 1178 3614 10
1252 3560 1417 3616 35031333.

264 3652 386 3720 3933.

303 3775 316 3827 l
341 3773 479 3844 313333Β
501 3781 526 3827 et
551 3779 631 3839 (corr.
655 3779 713 3838 3323
731 3775 759 3827 Ρ
847 3775 979 3828 dtamen
999 3773 1080 3829 11110
1104 3775 1203 3844 qnippe
1226 3773 1265 3827 N‘
1289 3775 1370 3843 plane
1395 3775 1422 3829 Τ

265 3863 437 3933 (3333117
508 3865 606 3917 seruile
624 3868 717 3918 tamen
736 3864 795 3917 NV
851 3865 975 3918 ianime
995 3867 1055 3934 capi
1074 3882 1128 3919 non
1148 3865 1330 3934 potuitau‘E
1388 3882 1419 3918 ae

265 3969 299 4005 ne
318 3953 378 4021 ipsa
394 3994 400 4005 .
417 3994 423 4006 .
439 3996 445 4008 .
455 3970 486 4021 p.
508 3956 540 4005 91
557 3971 584 4006 u.
606 3957 625 4007 3
642 3953 757 4006 3333333
776 3970 827 4007 one.
852 3953 878 4006 V
934 3955 950 4006 8
977 3953 1085 4022 quidem
1105 3953 1187 4008 uerba
1207 3953 1253 4006 din
1272 3953 1311 4007 N'
1330 3954 1420 4007 uerba

266 4041 488 4110 quidemdinT
570 4043 602 4096 10
622 4044 710 4096 enauit
727 4041 754 4093 Ρ
773 4043 793 4108 (3
813 4046 896 4108 3333.)
982 4043 1012 4094 11
1035 4041 1183 4094 exubiisB
1266 4044 1367 4112 12333
1389 4042 1423 4096 N

267 4132 300 4184 14
320 4130 449 4184 mandatu
467 4131 501 4184 N
553 4133 585 4186 15
606 4131 757 4185 contracxit
774 4131 801 4182 B
822 4133 955 4184 contraxit
974 4137 1020 4184 333.
1080 4131 1111 4184 18
1131 4147 1159 4183 33
1178 4147 1229 4185 333.
1244 4131 1287 4194 91⁴,
1307 4147 1335 4184 sc
1357 4147 1419 4185 esse

264 4220 344 4282 tf‘E,
364 4237 422 4274 esse
441 4237 492 4274 om.
517 4220 542 4274 Y
611 4221 646 4273 20
665 4219 741 4272 33333
761 4220 788 4271 Β
808 4225 847 4282 (es
866 4235 900 4272 33
917 4219 952 4284 331
1030 4219 1065 4272 23
1083 4219 1154 4272 hunc
1174 4222 1202 4284 (n
1220 4233 1241 4270 s.
1262 4223 1302 4285 33.)
1321 4217 1349 4272 Β
1372 4223 1420 4272 333

265 4309 357 4362 Piae
410 4307 782 4362 25eiusllDOTsuisN⁴
