3100 4967
205 390 268 453 308
686 383 884 437 Ambrosii

140 576 181 641 13
204 577 320 643 titulus
351 576 567 658 praemittitur
599 578 632 639 ot
662 574 768 657 passio
803 574 923 639 domini
953 576 1170 657 prophetatur.
1204 577 1281 657 quld
1313 578 1352 642 de

207 684 375 750 Solomone
408 686 515 748 sancto
548 682 669 763 loquar,
702 681 794 746 ouius
825 680 1002 763 posteriora
1030 700 1101 746 oum
1132 683 1222 762 graui
1250 702 1352 749 errore

206 812 266 857 non
296 792 432 868 careant,
460 790 581 873 uulgus
604 792 709 853 tamon
733 787 901 852 Iudaicum
923 788 1029 871 ipsum
1055 789 1203 853 aestimat
1225 791 1353 855 uenisse
1418 791 1440 846 O

205 919 260 983 pro
286 896 438 963 Christo?
464 899 496 960 et
520 916 614 979 quam
638 896 757 959 multos
778 895 885 978 grauis
905 896 1018 960 erroris
1039 896 1157 962 offensa
1175 898 1352 962 reuocauit!

206 1006 306 1069 maior
329 1004 437 1086 itaque
462 1004 555 1086 culpa
577 1003 651 1085 plus
674 1002 805 1085 profuit,
825 1022 863 1067 ne
883 1022 980 1084 supra
998 1002 1157 1068 hominem
1177 1003 1355 1069 crederetur
1384 1027 1398 1066 s

208 1110 262 1195 qui
295 1111 374 1176 uitio
403 1130 463 1175 non
493 1110 648 1175 caruisset
675 1110 825 1173 humano.
854 1109 918 1172 fuit
945 1109 1044 1193 igitur
1070 1110 1102 1173 in
1132 1128 1168 1174 eo
1195 1110 1356 1177 inuidiosa

143 1220 184 1285 14
209 1218 362 1301 sapientia
391 1220 422 1282 et
449 1217 544 1300 culpa
573 1216 725 1293 suasoria,
750 1236 831 1298 qnae
854 1216 1014 1280 hominem
1039 1216 1255 1298 conprobaret.
1281 1218 1356 1299 quid

207 1326 306 1408 igitur
329 1325 446 1404 obstat,
471 1324 639 1406 quominus
659 1323 755 1388 etiam
775 1323 931 1387 Bersabee
951 1325 1060 1387 sancto
1080 1322 1185 1387 Dauid
1203 1323 1235 1387 in
1254 1324 1357 1407 figura

209 1432 330 1497 sociata
352 1432 452 1496 fuisse
477 1430 632 1505 credatur,
652 1433 688 1494 ut
708 1429 941 1514 significaretur
959 1430 1162 1515 congregatio
1181 1431 1356 1506 nationum,

210 1557 290 1621 quae
314 1554 376 1601 non
395 1539 462 1599 erat
481 1536 606 1601 Christo
626 1535 772 1620 legitimo
793 1535 931 1618 quodam
948 1535 1022 1600 fidei
1042 1537 1191 1618 copulata
1209 1537 1355 1614 conubio,
1376 1562 1402 1599 ιο
1420 1541 1443 1594 D

211 1644 295 1727 quod
328 1643 496 1708 auersariis
530 1643 721 1725 quibusdam
749 1643 833 1707 foret
864 1642 1036 1707 uestibulis
1064 1641 1096 1706 in
1126 1643 1194 1707 eius
1222 1645 1357 1727 gratiam

209 1754 332 1833 praeter
363 1750 445 1835 legis
478 1750 660 1833 ingressura
691 1750 934 1832 praescriptum,
966 1749 999 1813 in
1032 1768 1095 1831 qua
1125 1750 1211 1814 nuda
1240 1752 1358 1815 mentis

211 1860 376 1923 sinceritas
410 1861 441 1923 et
473 1861 581 1939 aperta
613 1856 804 1940 simplicitas
836 1856 957 1921 lauacri
983 1856 1177 1921 iustificante
1205 1858 1357 1941 mysterio

210 1964 278 2030 ueri
305 1965 411 2029 Dauid
440 1968 472 2029 et
497 1965 583 2049 regis
613 1964 731 2028 aeterni
759 1968 898 2027 mentem
926 1963 1154 2040 transduceret,
1186 1962 1360 2028 lacesseret

212 2071 401 2137 caritatem?
434 2071 547 2135 merito
580 2070 671 2134 uenit
703 2070 849 2135 occultus
883 2074 915 2134 et
948 2071 1002 2154 qui
1035 2070 1159 2135 falleret
1185 2070 1359 2153 principem
1378 2095 1403 2134 rs

212 2178 322 2243 mundi
349 2181 512 2260 tamquam
541 2176 597 2241 Uri
626 2177 729 2252 illurn,
755 2177 809 2258 qui
831 2175 1090 2258 interpretatione
1115 2177 1230 2242 dicitur
1251 2179 1359 2241 lumen

212 2305 330 2363 meum,
353 2283 633 2367 transfigurantem
657 2302 691 2347 so
714 2284 746 2347 in
771 2284 920 2367 angelum
943 2283 1035 2350 lucis.
1059 2285 1148 2349 uenit
1169 2284 1299 2367 inquam
1326 2284 1358 2348 in

212 2392 297 2457 hunc
324 2391 480 2455 mundum
508 2394 540 2455 et
568 2389 657 2463 uenit
684 2390 841 2467 occultus,
870 2392 1033 2473 tamquam
1061 2391 1186 2455 adulter
1216 2391 1359 2466 intrauit,
1418 2392 1439 2447 ll

213 2502 251 2563 ut
271 2499 322 2563 ius
345 2498 526 2582 legitimum
550 2498 736 2564 uindicaret.

124 2608 158 2693 4,
171 2610 211 2673 15
257 2605 468 2671 Distinrimus
492 2604 700 2689 allegationes
723 2603 858 2681 ualidas,
882 2607 920 2668 at
942 2604 1139 2680 arbitramur,
1160 2608 1193 2668 et
1210 2605 1241 2668 in
1260 2604 1363 2689 ligura
1378 2628 1404 2669 so

213 2712 315 2779 fuisse
342 2716 463 2778 testum
487 2712 583 2776 buius
608 2711 760 2776 historiae
785 2711 1069 2794 conprobauimus:
1094 2731 1176 2775 nuno
1200 2712 1363 2795 superiora

214 2823 396 2903 repetamus
426 2825 458 2885 et
484 2822 649 2901 tamquam
673 2823 803 2883 erutum
828 2818 1026 2901 spiritalibus
1048 2818 1244 2883 indumentis
1266 2817 1362 2882 intro·
1403 2816 1482 2876 6811

305 3029 321 3081 2
341 3028 407 3097 Reg.
427 3025 470 3081 III
490 3027 534 3091 11,
551 3029 569 3081 4
588 3042 647 3097 sqq.
705 3026 736 3079 17
756 3023 786 3077 11
806 3022 865 3079 Cor.
887 3024 928 3089 11,
948 3026 983 3078 14

254 3152 267 3204 1
288 3150 440 3221 prodebatur
458 3150 513 3204 BP
575 3153 590 3206 3
611 3152 758 3205 aestimant
776 3146 977 3206 RB‘ACP‘Y‘
995 3154 1021 3202 et
1039 3148 1068 3219 (n
1087 3153 1158 3218 exp.)
1183 3149 1208 3202 T
1224 3150 1364 3203 estimanit

217 3239 247 3293 D
265 3239 316 3310 (uit
334 3240 366 3293 s'n
385 3256 441 3293 ras.
460 3244 517 3308 m2)
610 3240 717 3294 uenisse
738 3242 761 3307 (s
775 3255 822 3307 pr.
840 3254 863 3292 s.
881 3254 910 3292 a.
929 3241 987 3304 m2)
1006 3238 1033 3291 P
1103 3239 1121 3291 4
1144 3254 1241 3307 graues
1261 3255 1362 3292 errores

217 3327 456 3393 aamcw‘r‘,
480 3330 571 3397 grauis
595 3329 691 3383 erroris
713 3329 746 3382 a'a
767 3345 823 3382 ros.
851 3328 877 3382 Τ
983 3326 1086 3381 offensa
1103 3326 1139 3380 P‘
1162 3328 1190 3398 (a
1211 3331 1259 3381 m2
1281 3344 1315 3381 ex
1337 3331 1362 3398 q.)

253 3417 339 3470 uerba
356 3416 423 3470 iude
443 3434 461 3468 α
478 3418 619 3471 reuocauit
637 3433 722 3483 osque
736 3416 775 3469 od
788 3434 818 3485 p.
836 3420 896 3470 309
908 3434 936 3469 a.
951 3420 993 3469 20
1005 3418 1064 3469 tam
1077 3414 1159 3470 facile
1173 3415 1272 3470 desum
1284 3418 1316 3470 io
1329 3416 1364 3482 B,

218 3506 250 3558 iu
268 3521 321 3572 qao
340 3506 442 3559 eradit
454 3504 559 3573 folium
631 3506 648 3559 8
666 3504 797 3559 bersabee
815 3504 916 3559 PPD‘
933 3504 1063 3576 bersabep
1081 3504 1198 3559 RB‘CO
1216 3504 1364 3558 bethsabee

219 3593 249 3646 D
264 3598 299 3660 (ts
318 3594 350 3647 ia
367 3608 433 3659 roa,
451 3595 506 3649 hs.
519 3611 547 3647 u.
564 3597 631 3660 m2),
649 3594 806 3665 bethsabea,
824 3594 962 3666 betsabpe
981 3594 1129 3650 bethsabee
1151 3600 1199 3651 cet.
1271 3597 1363 3648 sancto

220 3699 270 3736 om.
290 3682 363 3736 P‘D‘
438 3682 470 3735 10
490 3685 566 3737 erant
584 3682 768 3737 RB‘APuat
857 3684 973 3737 conubio
991 3685 1026 3737 P¹
1046 3684 1074 3753 (b
1094 3700 1127 3739 ao
1144 3687 1173 3751 n)
1193 3683 1321 3738 conuiuio
1343 3680 1365 3735 0

221 3770 347 3839 coniugio
371 3770 396 3823 T
414 3770 455 3834 (io
472 3774 541 3838 ros.)
561 3770 587 3823 L
642 3772 674 3824 11
696 3770 839 3824 auersariis
857 3772 958 3839 sarpa·
975 3771 1138 3826 aduersariis
1154 3773 1181 3826 P
1196 3775 1364 3827 transuersa·

221 3860 267 3912 riis
286 3864 333 3913 cet.
404 3860 437 3912 12
455 3859 530 3928 leges
552 3862 591 3925 (os
610 3876 643 3913 ca
660 3859 695 3923 is)
715 3860 743 3913 P
826 3861 981 3930 ingressura
999 3860 1154 3916 PPD‘LO
1170 3867 1196 3916 et
1214 3862 1257 3927 (ia
1273 3864 1364 3931 spolio

220 3964 311 4002 uacuo
321 3954 420 4017 postea
435 3947 688 4013 admirarer.
746 3948 913 4018 praescribto
927 3949 1134 4018 Ppraesoripta
1148 3949 1214 4003 DY‘
1260 3952 1295 4004 14
1308 3951 1365 4005 neri

223 4041 249 4103 (e
267 4053 300 4091 eo:
318 4038 326 4090 i
345 4040 403 4103 m2)
418 4036 446 4089 P
515 4036 703 4090 transduceret
717 4036 745 4089 P
763 4039 817 4102 (uo
834 4038 866 4091 in
881 4043 949 4104 ros.)
969 4037 1125 4092 traduceret
1137 4038 1165 4091 L
1219 4040 1253 4094 15
1273 4045 1301 4094 et
1314 4056 1363 4094 om.

221 4125 475 4179 RB‘AODPlLP
545 4126 578 4179 16
598 4124 655 4178 urie
676 4128 701 4187 (e
719 4142 741 4179 s.
760 4142 788 4181 u.
807 4128 864 4194 m2)
883 4126 921 4179 P‘
939 4128 998 4198 urie
1015 4127 1055 4181 D‘
1074 4128 1135 4181 uirn
1153 4129 1180 4180 Δ
1200 4129 1242 4194 (in
1259 4146 1327 4196 roa,
1343 4146 1364 4183 s.

221 4218 269 4267 m2
285 4214 299 4265 l
317 4215 386 4281 uria)
405 4214 511 4268 hun-iam
529 4214 573 4267 P⁴‘
591 4213 678 4267 uriam
700 4214 732 4267 T‘
788 4216 823 4269 20
842 4215 1020 4285 allegationes
1038 4216 1123 4269 PAD
1142 4216 1183 4282 (bi
1201 4233 1275 4287 epr.
1295 4234 1328 4272 es
1343 4216 1363 4283 i)

223 4301 360 4355 P‘D‘LO
378 4303 551 4372 alligationes
571 4309 617 4357 oct.
672 4304 707 4358 22
725 4304 898 4358 uestimentis
917 4304 1172 4360 RB‘AOF‘LTT‘
