3100 4967
259 384 278 445 8
734 376 930 430 Ambrosii

260 572 396 637 nescit
424 575 594 655 propter
620 592 678 637 me
707 572 867 654 aliquid
894 573 933 635 in
962 571 1074 637 domo
1104 590 1176 635 sua
1204 575 1243 635 et
1276 572 1407 636 omnia

259 699 542 763 quaecumque
575 680 697 744 habet
730 679 845 744 dedit
875 679 914 744 in
948 698 1088 743 manus
1121 697 1239 757 meas,
1276 698 1406 761 neque

260 788 522 851 subtractum
555 788 619 851 est
650 805 668 850 a
700 805 757 851 me
791 785 1007 869 quicquam
1041 787 1206 868 praetor
1233 788 1282 863 te,
1312 785 1407 868 quia

261 913 358 959 uxor
394 893 517 957 illius
555 912 608 972 es,
648 896 687 957 et
723 892 920 974 quomodo
953 892 1100 957 faciam
1134 892 1300 956 uerbum
1333 892 1405 958 hoc

259 1000 407 1064 malum
437 1001 476 1064 el
503 1000 681 1083 peccabo
710 1018 842 1065 coram
872 998 970 1063 deo?
999 998 1078 1063 haec
1106 1001 1156 1062 esi
1182 998 1280 1083 igitur
1302 1001 1407 1063 rectae
1438 1021 1451 1058 s

259 1108 392 1173 rationis
416 1107 575 1183 tractatio,
600 1125 695 1188 quum
720 1104 832 1171 Graeci
855 1105 998 1189 λογισμόν
1017 1107 1210 1187 nuncupant,
1236 1124 1298 1187 qua
1315 1124 1407 1169 mens

262 1212 435 1295 sapientiae
467 1213 588 1277 intenta
621 1212 786 1277 solidatur.
817 1211 950 1294 pulchra
987 1216 1036 1275 est
1072 1211 1155 1275 enim
1191 1212 1284 1290 ratic,
1321 1212 1408 1295 quod
1469 1221 1492 1273 1)

264 1339 320 1384 nec
350 1319 512 1384 beneficiis
547 1318 666 1385 domini
699 1336 769 1383 esse
803 1318 932 1382 deberet
968 1318 1112 1401 ingratus
1149 1336 1207 1382 neo
1245 1319 1408 1383 occultum

262 1430 373 1507 posset
405 1444 474 1491 esse
507 1429 684 1509 peccatum,
719 1425 804 1508 quod
837 1425 895 1491 deo
932 1427 1015 1489 teste
1052 1424 1275 1503 committeret,
1313 1444 1409 1506 quem

262 1533 361 1597 latere
385 1551 445 1597 non
469 1535 589 1617 posset.
1428 1556 1453 1594 lo

217 1635 238 1698 7
307 1639 397 1704 Bona
427 1638 528 1721 igilur
560 1637 650 1713 ratio,
684 1656 763 1719 quae
798 1640 830 1703 et
861 1637 1010 1702 hostilem
1042 1639 1230 1721 plerumque
1259 1638 1409 1703 affectum

264 1744 350 1809 exuit
386 1748 418 1809 et
455 1745 594 1809 dolonem
630 1744 762 1809 iniuriae
801 1747 989 1827 sequestrat.
1033 1744 1167 1827 deniquo
1204 1748 1237 1809 et
1272 1745 1303 1809 in
1342 1745 1409 1809 acie

263 1852 449 1934 plerumque
473 1852 626 1916 uictorem
650 1850 780 1935 mitigat
803 1857 835 1915 et
857 1852 980 1916 ferituri
1004 1871 1188 1918 mucronem
1210 1853 1350 1917 retardat
1377 1855 1412 1917 et

263 1960 429 2042 rogantem
456 1958 551 2022 morbi
580 1958 682 2041 eripit,
712 1977 747 2023 eo
778 1959 864 2041 quod
892 1958 1045 2023 subiectis
1069 1979 1194 2041 parcere
1218 1959 1304 2025 iusta
1326 1960 1409 2024 ratio
1473 1967 1493 2020 Ε

264 2063 462 2146 persuadeat.
493 2083 564 2129 nam
588 2064 626 2128 de
650 2065 844 2130 excludendo
868 2065 920 2130 uel
944 2066 1118 2149 mitigando
1143 2067 1277 2132 iniuriae
1301 2067 1411 2131 dolore
1431 2090 1454 2128 u

265 2171 337 2253 quis
371 2171 482 2235 melior
515 2171 668 2255 magister
700 2192 796 2253 quam
828 2172 1006 2253 patriarcha
1037 2174 1142 2251 Iacob,
1177 2174 1232 2256 qui
1265 2174 1411 2257 proprios

266 2294 438 2361 coarguens
458 2276 541 2343 fflios
562 2276 696 2361 Symeon
717 2279 750 2341 et
767 2278 846 2343 Laui
865 2278 928 2343 ait:
949 2279 1135 2345 odiosum
1154 2300 1211 2344 me
1230 2280 1411 2347 fecistis,

264 2383 323 2448 iba
364 2388 409 2448 ut
446 2404 590 2449 saeuus
628 2384 780 2449 uidear.
818 2389 851 2449 et
886 2386 998 2468 utique
1035 2388 1095 2451 ulti
1132 2388 1257 2451 fuerant
1292 2386 1412 2451 sororis

265 2489 422 2567 iniuriam,
453 2510 532 2573 quae
562 2494 669 2556 conlra
699 2491 848 2557 instituta
875 2493 977 2574 patria
1003 2494 1123 2559 uiolato
1155 2494 1259 2557 fuerat
1289 2492 1411 2577 pudore

266 2598 427 2660 temerata.
465 2616 522 2661 nec
558 2597 665 2680 potuit
700 2598 806 2674 Iacob,
844 2602 1031 2681 praeceptor
1065 2600 1261 2682 disciplinae,
1300 2603 1411 2665 custos
1430 2626 1455 2666 ιο
1536 2675 1537 2680 1

267 2701 408 2786 pudoris,
440 2706 586 2785 stuprum
612 2703 743 2786 probare
772 2704 988 2783 commissum,
1017 2706 1073 2770 sed
1099 2706 1216 2771 maluit
1237 2706 1412 2770 insolentes
1536 2703 1537 2718 ¹

266 2808 387 2873 ratione
417 2809 555 2875 cohiberi
589 2810 691 2873 sciens
725 2809 810 2893 quod
841 2810 1091 2893 indignationem
1124 2812 1204 2877 ratic
1236 2816 1413 2895 temperare
1474 2818 1494 2871 F
1536 2791 1537 2796 ἵ

224 2924 244 2985 3
267 2918 387 2996 posset.
416 2915 624 2997 temperanda
651 2920 701 2980 esb
722 2916 832 3001 igitur,
857 2935 938 2998 quae
960 2922 1083 2983 resecat
1106 2918 1306 3002 cupiditates¹
1331 2920 1413 2984 hanc

359 3107 390 3159 ll
410 3104 443 3159 de
462 3105 546 3160 Maec.
566 3106 627 3170 394,
649 3108 680 3159 17
755 3108 789 3160 14
808 3108 887 3177 Uerg.
907 3107 974 3163 Aen.
993 3108 1031 3161 Vl
1049 3109 1102 3161 853
1176 3111 1209 3164 16
1228 3108 1295 3167 Gen.
1315 3111 1360 3172 34,
1379 3112 1415 3165 30

269 3194 301 3248 de
320 3193 403 3249 Maec.
423 3195 484 3257 394,
504 3195 539 3249 30
595 3194 627 3249 18
647 3193 714 3249 Gen.
734 3196 778 3262 34,
799 3197 810 3248 l
832 3212 890 3265 sqq.

306 3318 319 3370 l
347 3318 685 3389 propterAmlP(corr.
704 3320 886 3387 praeterreri
903 3320 1114 3384 eraulVlldI‘E
1132 3322 1420 3391 praeterAmWT
1536 3309 1537 3312 ¹

269 3408 285 3461 3
305 3406 486 3461 substractum
501 3407 528 3459 A
544 3410 567 3472 (s
587 3407 636 3460 alt.
654 3406 707 3459 aas.
726 3423 760 3459 m,
781 3412 856 3472 anm
871 3423 892 3460 a.
912 3411 958 3459 m2
974 3408 989 3460 l
1006 3408 1185 3474 subtractum)
1209 3409 1235 3461 Τ
1305 3412 1371 3480 qnia
1390 3415 1418 3464 A

271 3499 302 3560 (e.
322 3498 367 3548 m2
385 3495 399 3547 l
417 3498 479 3565 que)
501 3512 568 3565 quae
590 3495 684 3564 Tque
705 3499 747 3560 (ex
767 3496 841 3564 quia)
860 3497 893 3552 33
955 3498 1240 3560 40100003120101.
1263 3498 1420 3555 T.om.D

271 3583 439 3651 dlogismou
460 3584 525 3638 libri
542 3584 707 3653 (longismon
735 3584 770 3651 V)
824 3583 1006 3655 lpulclrrae
1028 3586 1054 3638 Τ
1068 3585 1179 3655 pulchre
1193 3586 1272 3643 APa
1290 3593 1315 3640 ct
1334 3592 1418 3654 (corr.
1536 3653 1537 3658 ἵ

269 3672 392 3741 pulchra)
416 3671 442 3725 V
457 3672 566 3742 pulchre
585 3672 1010 3741 31ἠιΙρι11011003Ιόη231ἚΙ)
1137 3676 1170 3729 13
1196 3676 1373 3730 muclnronem
1392 3678 1419 3731 A

271 3777 425 3815 mucronem
444 3762 685 3831 bl‘(ceugru2)
805 3764 838 3816 14
857 3762 1037 3833 q:odP(od
1054 3762 1111 3833 ua2)
1131 3764 1203 3833 quod
1221 3764 1280 3818 ΒΤ
1297 3783 1350 3835 qne
1370 3774 1419 3821 cet.
1536 3825 1537 3828 ,

274 3850 305 3903 17
327 3866 497 3919 quoarguene
515 3851 542 3904 A
562 3852 642 3920 (corr.
662 3868 696 3905 m.
717 3852 787 3919 aul.)
807 3867 955 3921 coarguens
974 3853 1006 3909 u·
1027 3855 1068 3919 (co
1087 3870 1108 3907 a
1127 3857 1167 3920 u.)
1225 3855 1258 3908 18
1276 3870 1374 3909 seruus
1393 3858 1421 3909 A

273 3940 305 4005 (s.
324 3942 370 3992 m2
387 3939 401 3991 l
419 3943 510 4005 senus)
584 3938 693 3995 uidetur
711 3943 737 3993 A
758 3948 789 4001 (a.
808 3944 855 3995 m2
872 3942 977 4012 uidear)
995 3942 1023 3995 P
1075 3943 1107 3996 21
1127 3943 1256 4011 probaret
1272 3944 1300 3997 A
1319 3948 1353 4009 (s.
1372 3948 1422 3999 m2

271 4027 285 4079 l
303 4032 342 4094 re)
362 4028 385 4083 31
405 4030 429 4093 (t
447 4044 525 4091 cras„
544 4044 566 4081 e.
585 4032 632 4081 2123
654 4030 808 4098 prohibere)
832 4030 897 4099 quin
920 4030 1047 4099 probaret
1065 4032 1093 4084 P
1113 4032 1227 4101 probaro
1252 4036 1333 4099 (corr.
1353 4035 1421 4103 quin

203 4102 205 4105 ⁵
271 4114 447 4185 improbaret)
476 4116 502 4168 Τ
607 4118 735 4171 omissum
757 4117 812 4170 AP
834 4134 893 4171 cum
917 4121 1005 4187 ipsum
1034 4120 1059 4171 V
1081 4124 1112 4185 (s.
1135 4124 1183 4174 m2
1205 4122 1236 4174 al
1261 4122 1422 4189 comissum)

273 4203 560 4269 22rationen1P(m
579 4220 637 4273 cap.
657 4210 713 4271 m2)
734 4206 852 4260 ratione.
866 4208 898 4263 bl‘
918 4212 942 4271 (a
961 4213 993 4260 ul
1009 4208 1121 4263 uidetur
1139 4214 1221 4278 eras.)
1295 4211 1423 4266 cohibere

273 4292 306 4347 u‘
327 4296 364 4357 (re
383 4296 430 4347 m2
449 4310 482 4347 cac
501 4295 533 4361 ri)
558 4294 583 4347 Τ
600 4294 634 4359 (ri
652 4297 696 4347 003
714 4300 795 4362 corr.)
