3100 4967
235 358 300 421 228
708 355 907 409 Ambrosii

236 550 433 615 sustinebo
459 550 575 615 donec
599 550 734 613 iterum
758 550 858 616 fiam.
884 548 1016 613 deinde
1042 550 1197 614 uocabis
1221 569 1287 629 me,
1313 571 1380 635 ego
1451 556 1473 610 C

236 660 360 721 autem
395 660 431 721 te
465 656 674 733 obaudiam,
704 676 815 737 opera
843 676 931 721 uero
960 676 1131 720 manuum
1161 662 1308 720 tuarum
1337 677 1381 721 ne

236 764 436 847 despicias.
465 764 671 829 numerasti
701 768 823 828 autem
853 782 953 827 meas
981 762 1283 839 adinuontiones,
1316 783 1381 829 neo

235 870 461 953 praeteribit
492 875 528 935 te
562 870 760 953 quicquam
795 889 836 933 ex
867 868 1037 951 peccatis
1075 854 1189 933 meiss
1217 870 1381 953 signasti

236 980 359 1042 autern
382 978 610 1060 iniquitates
636 996 736 1039 meas
760 976 796 1039 in
822 976 975 1040 sacculo
1000 979 1037 1039 et
1059 976 1214 1052 notasti,
1239 978 1382 1061 siquid
1414 1003 1427 1042 a

234 1083 379 1148 inscius
407 1082 625 1165 praeteriui.
655 1102 750 1163 quom
780 1082 890 1147 suauis
918 1083 1020 1159 locus,
1050 1082 1104 1164 qui
1132 1102 1190 1148 nos
1218 1083 1257 1147 de
1280 1104 1382 1149 resur-

234 1190 373 1255 rectione
411 1189 574 1255 confirmat
601 1193 644 1275 ¹et
680 1209 773 1272 quam
812 1188 940 1253 uidetur
976 1190 1048 1253 uoci
1086 1189 1271 1270 dominicae,
1301 1212 1382 1273 quae

233 1297 352 1380 iegitur
382 1298 414 1361 in
452 1296 627 1380 euangelio,
658 1297 837 1372 conuenire,
875 1296 931 1360 ubi
969 1296 1032 1359 ait:
1069 1300 1159 1360 tunc
1195 1298 1383 1380 incipient

235 1403 359 1468 dicere
383 1404 594 1468 montibus:
616 1403 739 1467 cadite
761 1422 871 1485 super
889 1421 966 1483 nos,
983 1405 1020 1466 et
1034 1403 1219 1468 collibus:
1236 1407 1380 1486 operito

234 1531 309 1575 nos.
339 1511 398 1575 erit
427 1511 509 1574 enim
537 1510 569 1574 in
599 1512 873 1575 consummatione
902 1509 1021 1574 saeculi
1052 1510 1100 1574 ira
1133 1510 1262 1575 domini.
1295 1517 1381 1577 recte
1401 1540 1428 1579 ιο

235 1637 308 1702 ergo
339 1622 468 1683 sanctus
496 1619 527 1681 in
557 1618 711 1682 iudicium
741 1619 867 1681 mauult
889 1636 1055 1701 resurgere
1079 1637 1174 1699 quam
1198 1618 1229 1681 in
1252 1622 1381 1700 tempus
1445 1628 1471 1681 1)

235 1726 361 1790 diuinae
398 1726 590 1801 iracundiae,
628 1744 708 1807 quae
746 1725 898 1789 terribilis
936 1726 1031 1788 etiarn
1065 1724 1287 1789 innocentibus
1321 1730 1380 1790 est.

181 1830 221 1894 27
234 1833 330 1898 simul
359 1833 455 1896 etiarn
483 1832 565 1895 iilud
593 1831 782 1915 prophetare
814 1832 1014 1915 intellegitur
1046 1831 1200 1896 dicendo:
1233 1836 1380 1897 statues

234 1939 325 2004 rnibi
358 1944 518 2021 ternpus,
551 1939 588 2002 in
622 1958 692 2019 qno
726 1938 942 2003 memoriam
975 1938 1047 2002 mei
1075 1939 1206 2016 facias,
1235 1941 1320 2022 quod
1350 1941 1380 2004 in

232 2046 381 2127 passione
410 2045 529 2109 domini
557 2045 797 2109 resuscitandus
826 2046 917 2114 foret.
942 2046 1028 2109 sicut
1049 2046 1080 2109 in
1105 2046 1166 2110 fine
1188 2046 1263 2110 libri
1286 2047 1426 2113 istiuas

234 2154 477 2226 demonstratur,
511 2170 568 2216 nec
600 2157 705 2217 tamen
740 2152 902 2233 deplorare
945 2152 1063 2216 desinit
1108 2158 1140 2216 et
1179 2173 1240 2235 quo
1278 2154 1381 2237 magis

232 2258 391 2343 intellegit
424 2258 484 2322 sibi
517 2259 779 2323 resurrectionem
813 2278 884 2323 esse
917 2259 1124 2342 propositam,
1163 2260 1263 2323 uitam
1301 2260 1381 2324 trano

231 2366 342 2449 fugere
367 2365 535 2443 desiderat,
559 2366 672 2430 uidens
698 2386 731 2429 se
755 2366 787 2429 in
811 2384 924 2430 manus
943 2365 1096 2431 traditum
1115 2366 1380 2442 aduersariorum,
1448 2377 1471 2431 Ε

232 2471 409 2553 proiectum
446 2492 479 2536 se
512 2472 543 2535 in
578 2475 771 2556 potestatem
805 2474 986 2555 impiorum,
1020 2474 1072 2537 cui
1100 2473 1196 2537 etiam
1224 2474 1318 2537 amici
1348 2474 1379 2537 in

233 2578 378 2642 inimicos
409 2578 556 2644 conuersi
583 2578 657 2657 sint,
688 2581 742 2662 qni
771 2599 845 2644 cum
873 2579 1039 2645 debuerint
1065 2579 1231 2654 consolari,
1255 2579 1379 2643 ruinam
1399 2610 1426 2649 ro

233 2704 328 2767 supra
352 2685 476 2748 ruinam
499 2685 644 2749 inferant.
668 2704 790 2751 memor
811 2693 917 2749 tamen
939 2686 1151 2750 conscientiae
1180 2704 1256 2750 suae
1283 2704 1381 2767 purae

233 2794 265 2855 et
282 2790 418 2855 mundae
439 2790 590 2855 orationis
611 2791 674 2854 ait:
699 2795 799 2856 terra
821 2812 891 2857 non
915 2792 1110 2875 cooperias
1134 2792 1170 2856 in
1196 2792 1379 2878 sanguine

233 2897 355 2961 carnis
388 2916 499 2973 meae,
534 2899 571 2961 ut
603 2898 702 2962 oratio
736 2898 805 2963 eius
838 2900 924 2963 sicut
954 2899 1119 2963 incensum
1153 2899 1308 2985 dirigatur
1340 2899 1379 2962 ad

233 3003 409 3077 dominum,
439 3022 499 3067 non
529 3002 560 3066 in
590 3006 675 3067 terra
698 3004 893 3070 deuersetur.
919 3005 1021 3070 sancti
1045 3005 1129 3068 enim
1154 3006 1254 3069 oratio
1278 3005 1379 3069 nubes

232 3112 386 3189 penetrat,
415 3109 591 3191 peccatoris
620 3111 804 3189 orationem,
834 3111 920 3177 sicut
948 3134 967 3177 a
994 3113 1052 3177 deo
1083 3112 1158 3177 Cain
1183 3112 1305 3177 dictum
1329 3116 1379 3176 est
1397 3138 1424 3179 aa

231 3214 414 3296 parricidae,
431 3216 573 3297 aperiens
594 3236 629 3281 os
649 3236 742 3281 suurn
763 3218 896 3281 terrain
917 3219 1070 3303 sanguine
1086 3221 1187 3285 carnis
1203 3219 1379 3285 abscondit.
1447 3232 1469 3286 P

321 3438 536 3502 amam
614 3440 832 3505 mmmm
922 3444 1143 3508 mmmm
1224 3446 1377 3501 amm

231 3526 350 3582 cxxxx
371 3529 387 3580 a
447 3529 482 3581 ac
501 3529 551 3582 sn.
572 3530 605 3583 aa
627 3530 691 3601 (aa),
712 3531 743 3584 ar

267 3652 282 3703 6
302 3650 447 3718 praeteriri
466 3650 494 3703 Β
513 3656 541 3715 (u
561 3668 594 3706 ca
612 3656 693 3719 cor-r.)
767 3655 785 3708 8
805 3656 948 3725 euangelio
967 3657 995 3710 P
1013 3657 1033 3722 (i
1051 3673 1073 3710 s.
1092 3657 1132 3727 u.)
1204 3658 1220 3711 9
1238 3656 1377 3709 montibus

231 3736 319 3791 dicere
342 3738 370 3789 Β
478 3739 569 3795 cadite
593 3742 620 3794 P
645 3746 670 3805 (e
695 3744 796 3810 crua.?)
891 3746 923 3797 12
951 3745 1109 3799 iracundiae
1132 3762 1165 3799 aa
1186 3746 1334 3799 iracontiae
1351 3744 1380 3797 P

232 3827 265 3880 13
283 3825 351 3880 illud
370 3844 421 3881 cm.
441 3828 468 3880 Β
524 3832 556 3884 16
576 3847 628 3899 quo
648 3832 675 3883 P
694 3834 720 3898 (o
736 3838 862 3900 eccorr.)
922 3836 953 3887 17
973 3834 1140 3889 csseom.B
1209 3833 1378 3903 propositam

229 3915 365 3985 P(prs'n
385 3923 452 3984 rua.)
528 3920 559 3973 19
579 3936 608 3973 se
627 3937 678 3973 om.
698 3922 725 3974 Β
819 3925 958 3991 potestate
976 3923 1003 3975 Β
1093 3924 1121 3976 in
1140 3940 1162 3976 s.
1181 3939 1208 3978 u.
1227 3922 1265 3988 P,
1283 3920 1381 3976 onnG

230 4006 265 4061 20
284 4010 348 4059 sunt
366 4006 431 4059 Β1”
495 4008 527 4061 21
548 4024 629 4077 super
647 4006 713 4062 Dr
766 4010 802 4063 22
820 4011 887 4079 non]
907 4012 986 4065 neB
1058 4011 1086 4065 in
1107 4014 1139 4076 (c.
1158 4014 1198 4078 a.)
1218 4011 1376 4081 sanguinem

230 4112 318 4160 meum
337 4094 365 4149 B
420 4096 453 4149 23
474 4103 552 4151 carne
571 4104 632 4151 mea
646 4098 673 4150 B
692 4114 785 4152 carues
803 4115 877 4152 meas
890 4098 959 4151 DP¹
1020 4099 1153 4170 dirigatur
1166 4100 1229 4154 P‘O
1246 4100 1379 4169 dirigetur

229 4184 257 4237 P
275 4191 299 4237 et
319 4188 347 4250 (a
365 4200 386 4239 a.
408 4188 432 4251 e)
452 4184 482 4238 D
501 4184 665 4255 dirigeretur
684 4187 711 4239 B
755 4189 790 4241 24
810 4186 962 4241 diuersetur
976 4189 1003 4242 P
1016 4189 1036 4254 (i
1049 4206 1083 4243 ex
1097 4194 1122 4255 e)
1137 4188 1230 4243 DP‘C
1272 4191 1307 4243 ‘25
1326 4192 1379 4243 deo

231 4272 265 4325 ad
280 4274 339 4326 cain
354 4274 381 4326 Β
436 4273 535 4327 dicitur
550 4278 611 4339 (one.
628 4276 729 4345 eetpP‘
767 4277 801 4329 26
821 4276 1022 4345 parricidamP
1039 4281 1095 4346 (am
1109 4280 1191 4348 arca)
1203 4276 1378 4347 parricidali
