3100 4967
220 450 285 514 380
682 447 902 518 [Ambrosii]

220 645 253 707 et
274 642 451 720 lechonias,
476 643 561 707 sicut
583 643 766 708 Matthaeus
791 643 991 728 euangelista
1014 643 1193 728 descripsit,
1217 645 1366 710 adnume-

217 752 328 813 rantur
362 748 536 815 maioribns
575 749 706 829 Christi,
742 753 780 814 ut
817 770 925 816 omnes
962 751 1106 817 homines
1144 752 1365 833 redempturus

219 855 406 920 beneficium
437 875 455 920 a
483 857 549 922 suis
577 857 751 922 maioribus
774 857 948 937 inchoaret,
973 859 1131 924 simulne
1155 859 1268 942 quise
1292 859 1366 922 sub-

218 962 296 1026 iecit
325 981 428 1044 usque
461 964 501 1027 ad
533 964 673 1048 corporis
706 965 887 1046 passionem
919 965 1120 1030 nobilitatem
1148 966 1294 1047 captasse
1321 965 1366 1027 in·
1430 965 1453 1019 F

217 1069 396 1135 maculatae
420 1070 550 1153 originis
573 1071 754 1147 uideretur;
779 1073 944 1137 hominum
964 1073 1047 1137 enim
1065 1073 1129 1137 ista
1146 1071 1298 1137 iactantia
1316 1074 1367 1135 est
1397 1094 1410 1130 ⁵

218 1174 354 1240 alienam
387 1175 531 1260 gloriam,
563 1197 625 1242 non
658 1197 750 1243 suam
779 1197 947 1260 quaerere;
977 1182 1009 1243 et
1035 1183 1139 1244 tamen
1167 1179 1251 1242 inter
1275 1177 1365 1260 ipsos

218 1281 364 1347 homines
400 1284 501 1348 maior
535 1285 668 1349 uirtutis
702 1304 797 1367 quam
829 1285 1006 1350 nobilitatis
1040 1288 1089 1350 est
1122 1285 1233 1370 gratia.
1268 1282 1365 1348 simul

218 1389 375 1453 edendum
408 1392 587 1474 exemplum
619 1392 692 1468 fuit,
728 1395 767 1456 nt
802 1391 1024 1477 intellegerent
1062 1411 1170 1456 omnes
1209 1390 1364 1456 maiorum

217 1495 331 1577 probra
367 1515 427 1560 non
463 1515 558 1580 posse
590 1498 726 1580 posteris
759 1517 830 1563 esso
863 1498 1019 1576 dedecori,
1044 1498 1128 1581 quod
1161 1497 1364 1579 unusquique

218 1601 431 1667 successionis
455 1606 613 1669 maculam
635 1605 780 1687 propriae
802 1606 915 1671 merito
939 1608 1050 1688 posset
1072 1605 1197 1670 abolere
1221 1603 1362 1668 uirtutis.
1385 1631 1410 1668 to

217 1706 309 1772 uides
334 1711 469 1790 quantos
493 1712 525 1773 et
548 1729 641 1792 quam
667 1712 806 1794 grauiter
829 1711 1016 1778 criminosos
1041 1711 1216 1777 dominicae
1236 1727 1363 1795 genera·
1410 1713 1494 1766 ales

216 1813 314 1880 tionis
352 1816 451 1880 series
487 1817 730 1899 conprehendat,
767 1818 806 1881 de
844 1838 978 1901 quorum
1015 1819 1135 1903 origine
1171 1821 1300 1901 propter
1331 1821 1363 1880 te

217 1921 305 1985 nasci
330 1921 478 1987 Christus
501 1942 563 1988 non
588 1924 740 1989 erubuit?
764 1925 892 1989 ethaeo
912 1925 940 1990 si
960 1925 1078 2004 credas,
1099 1923 1224 1989 diuinae
1243 1922 1365 1987 miseri·

218 2027 342 2092 cordiae
369 2027 400 2092 in
429 2032 461 2093 to
490 2049 622 2095 munera
644 2034 721 2096 sunt
743 2033 776 2095 et
798 2032 859 2097 hoc
883 2033 1030 2097 caelestis
1053 2032 1179 2116 insigne
1204 2033 1254 2095 est
1275 2032 1364 2112 pote·

217 2135 328 2212 statis3
370 2136 642 2218 superabundanti
682 2137 766 2202 enim
805 2142 982 2219 peecatum,
1020 2144 1057 2202 ut
1094 2135 1364 2220 superabundaret
1383 2163 1408 2201 aa

216 2241 328 2323 gratia.
361 2261 422 2306 non
455 2243 552 2308 fuerit
583 2244 683 2327 igitur
714 2243 820 2308 Dauid
852 2249 1001 2329 exceptus
1035 2263 1053 2309 a
1081 2245 1185 2328 culpa,
1214 2247 1251 2308 ut
1277 2245 1364 2308 esset

216 2347 337 2413 electus
362 2348 402 2413 ad
425 2349 568 2434 gratiam.

173 2456 216 2518 34
263 2453 325 2520 Sed
351 2455 415 2520 iam
443 2457 595 2540 mysteria
621 2457 723 2540 ipsius
746 2476 968 2522 recenseamus
991 2457 1143 2522 historiae
1167 2457 1200 2522 et
1223 2475 1259 2522 ex
1280 2455 1361 2538 ipsis

218 2561 445 2644 scripturarum
481 2563 624 2629 lontibus
661 2563 844 2628 hauriamus
881 2569 976 2646 atque
1013 2566 1049 2628 ut
1086 2583 1211 2630 omnem
1248 2563 1361 2628 seriem
1425 2569 1447 2621 Β

217 2669 442 2750 mysteriorum
470 2670 676 2752 introspicere
703 2671 876 2753 possimus,
905 2673 1027 2735 textum
1055 2670 1157 2754 ipsius
1180 2673 1361 2751 repetamus
1380 2695 1406 2734 20

217 2775 376 2842 historiae.
402 2778 449 2842 sic
471 2796 585 2861 nempe
603 2778 635 2841 in
654 2777 735 2842 libro
754 2778 936 2861 Regnorum
955 2777 1158 2843 meminimus
1178 2795 1361 2859 expressum

217 2900 253 2946 eo
278 2883 362 2965 qarod
385 2883 490 2948 Dauid
513 2902 588 2949 cum
610 2885 770 2950 leuantem
795 2885 932 2949 uidisset
953 2885 1120 2964 Betsabee,
1145 2883 1201 2948 Uri
1223 2902 1361 2958 uxorem,

217 2989 422 3065 adamauen't,
456 2989 567 3054 deinde
601 2990 731 3055 domum
764 2992 872 3056 uenire
905 2991 1109 3074 praeceperit,
1143 3010 1215 3056 curn
1249 2990 1362 3054 absens

217 3098 304 3160 esset
330 3095 381 3160 uir
408 3095 565 3160 mulieris.
594 3115 654 3160 non
684 3098 786 3162 multo
814 3099 890 3180 post
915 3098 1064 3162 maritum
1090 3096 1158 3164 eius
1181 3117 1361 3182 regressum

218 3221 288 3266 esse
316 3204 463 3267 nuntium
490 3203 580 3282 belli,
608 3205 796 3288 religiosum
825 3224 898 3270 sane
927 3207 959 3269 et
986 3205 1138 3270 deuotum
1166 3205 1283 3285 uirum,
1308 3204 1361 3286 qui
1380 3229 1404 3268 aa

216 3308 293 3374 belli
321 3315 462 3395 tempore
489 3331 550 3377 non
579 3312 742 3394 putauerit-
768 3313 831 3377 sibi
858 3312 1096 3397 ingrediendam
1124 3311 1265 3390 domum,
1289 3329 1361 3376 cum

307 3572 460 3641 aenrtapp.
479 3572 539 3635 aa
596 3574 629 3626 15
648 3573 724 3626 nom.
744 3575 769 3635 5,
790 3573 824 3626 ao
879 3571 912 3626 21
932 3571 998 3642 aeg.
1018 3572 1046 3625 11
1066 3573 1107 3638 11,
1128 3573 1144 3624 2
1163 3589 1221 3643 sqq.

255 3745 411 3799 lmatheus
431 3745 497 3799 libra¹
551 3747 739 3816 euuangelista
760 3746 787 3800 T
843 3744 1009 3816 describit-p
1063 3747 1362 3818 2redempturosBT¹

218 3833 233 3887 3
252 3832 389 3886 beneficus
407 3833 441 3886 P
461 3832 598 3887 beneficiis
617 3835 672 3887 auis
690 3834 726 3887 B‘
803 3833 946 3888 inchoaret
964 3853 979 3888 a
999 3835 1054 3888 suis
1072 3836 1219 3890 maioribus
1238 3856 1256 3908 χ
1328 3851 1361 3888 ne

218 3923 263 3990 qui
283 3937 311 3975 se
334 3921 456 3975 TNI'B'
474 3939 508 3976 ne
527 3938 580 3976 non
599 3924 633 3977 P‘
652 3940 685 3976 ne
706 3923 765 3993 quis
785 3941 814 3978 se
834 3929 880 3978 cer.
967 3924 1083 3978 subiecit
1102 3941 1186 3994 usque
1206 3923 1240 3978 ad
1260 3941 1282 3980 c.
1299 3941 1361 3994 pas·

217 4011 320 4064 sionem
342 4009 397 4063 TN
414 4008 604 4079 subiectosque
624 4011 810 4081 (subiectaque
829 4013 864 4075 P,
884 4011 1059 4082 sublatosque
1077 4012 1115 4077 D,
1135 4011 1272 4067 subiectos
1290 4013 1325 4081 X)
1346 4031 1361 4067 a

218 4104 281 4164 (om.
299 4098 335 4165 X)
356 4116 378 4153 c.
397 4099 523 4168 passione
543 4100 724 4167 (passionibus
743 4101 789 4171 P‘)
808 4107 855 4154 cet.
946 4100 1145 4155 decidendum
1163 4101 1195 4156 N
1269 4119 1361 4156 ornnes

215 4187 438 4258 intelligerenty¹
511 4187 545 4242 10
562 4189 650 4256 possit
671 4188 754 4242 TND
826 4190 973 4258 arrogem
991 4189 1063 4243 B¹P¹
1134 4191 1169 4244 22
1187 4189 1364 4262 betsabeel'

217 4277 344 4330 betsabee
363 4277 400 4329 M
416 4275 566 4329 bethsabee
584 4277 630 4330 uel
648 4295 692 4348 -ee
712 4283 759 4331 cet.
832 4279 875 4331 uri
898 4278 924 4332 Τ
940 4284 965 4332 et
983 4283 1025 4332 aul
1042 4278 1075 4332 N
1092 4278 1161 4346 (urie
1179 4283 1237 4346 m2)
1257 4279 1309 4333 uiri
1327 4280 1363 4333 M

198 4366 290 4444 *uriae
308 4371 355 4418 cet.
410 4365 444 4418 24
462 4365 616 4436 multum-s,
687 4366 812 4431 meritum
832 4371 860 4432 (a
877 4383 897 4420 s.
918 4369 943 4434 e)
966 4367 992 4420 Τ
