3100 4967
247 436 307 500 XX
712 435 930 490 Praefatio.

248 629 351 694 tribus
385 630 464 694 Iocis
497 629 647 694 orationis
676 634 859 695 ornamenta
887 631 987 713 petita
1014 635 1099 710 sunt,
1129 633 1204 708 477,
1233 634 1290 708 20;
1320 636 1395 713 480,

249 736 306 813 23;
332 738 408 815 500,
433 738 485 801 21.

292 842 363 907 Una
391 846 514 907 tantum
538 842 651 907 Basilii
679 842 811 907 homilia
833 881 878 889 -
901 844 1032 909 alteram
1060 845 1092 909 in
1121 847 1279 927 psalmum
1303 848 1396 914 XIIII

249 949 319 1015 dico
347 986 391 995 —-
418 949 607 1015 Ambrosius
646 967 723 1013 usus
763 953 812 1013 est
843 951 874 1013 10
907 950 1017 1015 libello
1050 951 1095 1015 de
1128 952 1262 1031 Tabia,
1301 974 1397 1037 quam

248 1058 350 1120 totam
382 1055 447 1119 fere
479 1056 595 1139 partlm
619 1055 657 1120 ad
680 1055 814 1120 uerbum
839 1075 1020 1138 expressam
1042 1058 1157 1141 partim
1182 1060 1395 1142 splendidiore

249 1162 428 1227 elocutione
452 1161 644 1226 illustratam
668 1162 700 1225 in
728 1164 920 1245 opusculum
948 1182 1043 1227 suum
1071 1166 1201 1247 recepit.
1235 1185 1288 1231 sex
1315 1167 1396 1233 locis

247 1268 340 1335 flores
375 1288 411 1333 00
439 1268 579 1353 Uergilio
613 1268 778 1351 decerptos
813 1270 947 1334 orationi
979 1290 1055 1337 suae
1082 1271 1226 1351 inseruit,
1255 1274 1331 1350 521,
1361 1274 1394 1348 7;

249 1377 323 1453 526,
349 1376 368 1438 6
394 1378 426 1438 00
453 1377 506 1449 11;
534 1376 609 1452 532,
637 1377 670 1448 l;
695 1377 770 1457 541,
797 1377 837 1439 12
863 1378 896 1440 01
920 1377 970 1450 10,
994 1395 1057 1440 000
1087 1376 1176 1461 (545,
1208 1374 1241 1456 7)
1266 1376 1396 1442 Catonis

248 1482 369 1545 dictum
394 1500 429 1545 ex
454 1480 602 1547 Cicerone
626 1480 664 1544 de
688 1481 738 1546 off.
768 1482 801 1545 Π
824 1482 866 1545 80
890 1482 1017 1547 0000110.
1040 1482 1151 1547 100000
1172 1484 1256 1549 hunc
1278 1484 1396 1549 librum

247 1584 450 1671 Augustinus
484 1590 592 1653 contra
618 1587 678 1652 Iul.
708 1586 817 1670 Pelag.
850 1589 866 1650 I
898 1589 929 1666 3,
964 1590 1015 1666 10,
1040 1588 1078 1653 01.
1112 1589 1143 1667 0,
1175 1589 1218 1654 32
1252 1589 1396 1655 locorum

248 1694 393 1773 duorum,
417 1695 492 1773 530,
518 1695 535 1757 7
561 1697 594 1758 00
617 1695 692 1771 570,
718 1694 770 1771 11,
794 1694 953 1758 0000010οε
975 1694 1101 1759 1010000.

292 2548 359 2611 Iam
398 2544 436 2611 ad
474 2564 541 2610 eam
580 2564 645 2610 rem
684 2566 763 2627 0000
796 2548 827 2611 10
859 2549 920 2613 hac
952 2548 1090 2613 00111000
1124 2549 1314 2633 grauissima
1345 2558 1397 2616 est

249 2653 478 2738 adgrediamur,
503 2656 540 2717 ut
563 2651 726 2719 codicibus
752 2654 867 2736 quibus
892 2656 924 2719 in
948 2655 1084 2739 singulis
1107 2655 1198 2720 libris
1220 2656 1396 2723 tractandis

246 2761 298 2826 usi
331 2780 442 2824 sumus
471 2759 661 2823 enumeratIs
690 2761 723 2822 et
750 2759 919 2842 descriptis
948 2780 1028 2843 quae
1056 2762 1100 2825 sit
1127 2779 1237 2825 eorum
1260 2761 1338 2827 11000
1363 2765 1396 2827 00

247 2868 419 2933 auctoritas
453 2884 595 2949 0000000
627 2865 709 2929 inter
742 2885 796 2931 eos
828 2867 1030 2932 necessitudo
1068 2866 1242 2932 intercedat
1279 2869 1396 2933 consti-

108 2998 136 3037 00
152 2997 219 3037 ruas
247 2978 366 3039 luatur.
400 2992 495 3055 quam
523 2991 589 3037 rem
617 2972 649 3036 in
677 2972 766 3037 libris
795 2974 839 3037 de
867 2972 986 3038 Iacob
1017 2973 1205 3039 breuissime
1229 2974 1395 3040 absoluere

245 3082 330 3157 licet,
355 3100 427 3144 cum
451 3078 489 3143 de
514 3078 676 3144 codicibus
702 3098 781 3160 0000
806 3078 937 3144 adhibui
956 3080 988 3143 in
1006 3080 1199 3163 praefatione
1219 3081 1394 3146 uoluminis

244 3187 339 3269 primi
366 3187 510 3249 accurate
539 3185 746 3267 exposuerim.
780 3184 897 3250 etenim
924 3186 1119 3251 recensionis
1152 3186 1395 3252 fundamentum

246 3295 321 3357 sunt
351 3290 694 3374 Andomaropolitanus
729 3291 769 3355 72
804 3310 887 3358 saec.
920 3290 1011 3355 VHII
1044 3291 1098 3377 (A)
1132 3295 1165 3357 et
1196 3292 1294 3357 frater
1324 3294 1395 3358 eius

246 3398 401 3484 gemellus
434 3397 614 3463 Parisiacus
652 3399 739 3462 1913
768 3396 819 3483 (P)
857 3397 967 3463 eodem
1004 3400 1132 3465 saeculo
1170 3400 1318 3482 scriptus.
1356 3417 1395 3464 ac

244 3506 339 3587 prior,
365 3522 555 3587 quamquam
579 3505 610 3567 in
634 3504 695 3569 hoc
720 3523 813 3586 opere
831 3524 891 3569 non
912 3507 1035 3570 tantum
1056 3511 1208 3589 quantum
1228 3507 1259 3570 in
1280 3506 1395 3572 0010010

245 3611 300 3693 001
331 3614 467 3692 0100000
499 3611 699 3675 00001000000
730 3610 820 3675 libris
854 3612 946 3676 alteri
978 3617 1128 3695 praestat,
1167 3618 1274 3679 tamen
1310 3612 1395 3677 Iocis

245 3716 376 3799 aliquot,
409 3717 512 3781 ueluti
546 3717 596 3794 19,
628 3717 660 3791 7;
690 3718 743 3793 47,
775 3719 825 3795 10,
855 3736 1020 3800 germanas
1044 3721 1216 3803 scripturas
1241 3718 1394 3784 semauit.

245 3842 339 3904 quam
368 3824 407 3887 ob
435 3842 501 3888 ram
530 3822 622 3888 ualde
651 3822 822 3886 dolendum
851 3826 900 3887 est
928 3824 1013 3907 quod
1045 3826 1107 3889 duo
1140 3825 1194 3910 (cf.
1222 3846 1252 3909 p.
1287 3826 1328 3889 27
1360 3828 1396 3888 00

246 3926 301 4014 33)
320 3931 356 3993 ‘in
382 3949 418 3995 eo
443 3929 519 3994 lolia
541 3927 767 3993 interciderunt
789 3948 872 3994 nunc
896 3949 992 3995 manu
1015 3931 1187 3997 recentiore
1208 3931 1327 3996 saeculi
1346 3930 1395 3995 XI

245 4036 383 4101 ineuntis
409 4055 444 4099 ex
473 4035 580 4100 codice
605 4034 741 4118 quodam
770 4035 935 4101 deterioris
963 4040 1055 4102 notae
1084 4039 1242 4120 suppleta.
1275 4039 1395 4120 quanta

246 4144 353 4206 autem
382 4142 526 4207 00010000
549 4141 603 4205 ΑΡ
626 4141 751 4206 bonitas
781 4142 825 4206 sit
851 4143 995 4227 inprimis
1023 4161 1059 4207 ex
1085 4144 1165 4208 10010
1190 4142 1393 4226 quibusdam,

245 4248 360 4331 quibus
386 4268 424 4313 ex
452 4266 560 4313 eorum
589 4248 776 4332 corruptelis
805 4249 971 4331 pristinam
993 4249 1163 4314 lectionem
1186 4249 1312 4314 restitui
1335 4249 1393 4329 (01.

246 4356 298 4433 50,
330 4358 384 4431 1ος
419 4358 471 4433 02,
503 4352 568 4441 14),
599 4355 747 4438 cognosci
774 4357 893 4439 potest.
928 4356 1023 4420 ceteri
1051 4355 1187 4434 codices,
1212 4354 1393 4437 dequibus
