3100 4967
227 436 269 489 De
284 434 503 504 interpellatione
515 432 562 487 lob
577 438 604 485 et
615 431 703 486 Dauid
716 432 726 483 l
738 434 762 486 6.
774 433 799 490 7.
810 430 916 485 20-23
937 430 960 496 (Ι
971 430 1023 484 633
1034 430 1146 485 Β-634
1156 430 1200 494 Β).
1237 433 1302 495 225

158 629 401 695 existimationis
434 628 586 693 intuitum
620 631 652 691 et
684 625 909 692 uerecundiam
944 624 1168 708 delinquendi:
1198 624 1305 689 adule-

158 738 279 801 scentia
299 736 366 801 sola
385 738 435 801 est
454 735 595 799 inualida
613 734 746 811 uiribus,
766 733 892 797 infirma
911 732 1063 809 consiliis,
1083 733 1165 797 uitio
1185 734 1304 809 calens,

157 843 324 908 fastidiosa
352 843 573 917 monitoribus,
601 841 799 907 inlecebrosa
826 840 959 905 deliciis.
982 840 1014 903 iu
1038 842 1127 904 tauto
1151 839 1250 923 igitur
1273 844 1306 905 et

158 960 221 1014 lam
251 950 438 1033 confragoso
469 952 501 1014 et
528 948 705 1033 procelloso
735 948 846 1011 mundi
874 948 970 1011 istius
999 948 1137 1028 turbine,
1161 966 1217 1011 cur
1238 951 1305 1011 tarn

132 1058 268 1124 acrebra
295 1057 459 1141 naufragia
488 1055 672 1139 inprouidae
702 1054 925 1119 adscribuntur
952 1054 1075 1119 aetati?
1104 1054 1186 1117 uude
1217 1072 1305 1136 prae·

160 1165 242 1229 clare
280 1164 385 1228 Dauid
427 1164 525 1228 totius
563 1163 715 1245 temporis
752 1162 821 1226 eius
859 1162 985 1226 ueniam
1024 1161 1087 1227 sibi
1124 1180 1142 1226 a
1179 1160 1355 1229 dominor·

159 1272 337 1354 postulauit
361 1272 488 1337 dicens:
518 1270 717 1335 delictum
741 1268 980 1333 iuuentutis
1003 1288 1113 1333 meae
1137 1270 1176 1333 et
1198 1268 1305 1353 igno·

159 1380 317 1443 rantiae
346 1398 391 1443 ne
421 1378 664 1454 memineris,
694 1378 768 1458 quia
797 1382 872 1441 tuuc
895 1376 1032 1440 maxime
1056 1377 1143 1441 calor
1166 1380 1306 1457 corporis

159 1487 262 1551 feruet
286 1489 319 1551 et
342 1489 432 1550 aestu
458 1485 623 1569 sanguinis
648 1482 833 1567 uaporantis
857 1483 1004 1565 ignescit.

76 1596 150 1659 2210
204 1593 267 1659 Sed
304 1594 420 1657 iterum
457 1592 562 1676 ipsum
601 1592 776 1656 audiamus.
815 1590 1007 1654 mortalis
1044 1589 1149 1671 inquit
1183 1588 1306 1654 filius

159 1700 351 1765 mulieris
384 1700 524 1765 breuis
558 1698 669 1763 uitae
704 1700 767 1763 est
800 1700 839 1761 et
870 1696 1018 1780 plenus
1055 1696 1306 1774 iracundiae,

161 1808 229 1888 qui
258 1806 371 1872 sicut
399 1806 480 1871 llos
509 1806 662 1871 floruit
691 1808 729 1869 et
757 1803 922 1881 cecidit,
956 1804 1138 1869 discedit
1170 1809 1307 1870 autem

159 1916 205 1977 ut
236 1914 374 1978 umbra
407 1918 445 1977 et
477 1932 553 1978 non
589 1912 765 1978 resistit.
800 1930 927 1976 nonne
957 1914 996 1975 et
1025 1911 1070 1976 ab
1099 1911 1172 1977 hoc
1199 1912 1305 1975 ratio

160 2020 388 2101 quaeritur,
413 2024 452 2084 et
475 2020 579 2084 huno
603 2019 750 2083 fecisti
773 2018 930 2082 intrare
954 2018 992 2083 in
1012 2017 1211 2083 iudicium
1232 2018 1305 2082 sub

120 2158 142 2194 a
162 2129 387 2208 conspectu
418 2130 513 2191 tuo?
543 2126 633 2208 quis
664 2128 797 2189 autern
825 2125 995 2189 mundus
1024 2129 1088 2190 est
1115 2145 1133 2188 a
1162 2124 1306 2189 sorde?

161 2234 231 2298 sed
259 2252 382 2311 nemo,
411 2234 532 2297 etiarn
561 2232 594 2297 si
623 2232 743 2297 unius
773 2232 857 2296 diei
885 2232 941 2295 sit
964 2232 1052 2296 uita
1075 2232 1162 2297 eius
1186 2242 1404 2313 superedita

161 2344 321 2406 terram.
359 2359 433 2405 uere
470 2338 659 2404 miserabilis
698 2337 853 2417 condicio,
891 2342 928 2404 ut
964 2338 1087 2421 peccati
1124 2337 1184 2414 sui,
1223 2336 1308 2421 quod

161 2448 263 2511 uitare
278 2467 339 2511 non
357 2448 471 2529 possit,
491 2445 646 2511 rationem
665 2448 824 2528 praestare
844 2449 986 2529 cogatur,
1007 2444 1161 2510 iudicium
1179 2445 1307 2522 intrare,

160 2555 191 2618 in
221 2557 428 2637 conspectum
458 2554 565 2619 subire
595 2552 715 2617 domini
739 2553 966 2636 omnipotentis
991 2554 1193 2635 conpellitur,
1217 2552 1308 2615 adera

120 2692 143 2725 ao
162 2679 275 2725 causas
306 2663 469 2744 gestorum
498 2678 640 2734 suorum,
671 2678 750 2741 quae
775 2662 825 2723 tot
848 2660 935 2723 uitae
960 2679 1035 2724 suae
1059 2660 1217 2723 aetatibus
1241 2678 1309 2741 par·

162 2768 304 2843 currerit,
329 2786 401 2831 cum
425 2766 564 2831 muudus
589 2784 607 2829 e
630 2770 760 2847 peccato
786 2766 893 2847 quiuis
913 2785 984 2830 esse
1002 2786 1063 2830 non
1079 2766 1193 2849 possit,
1212 2770 1250 2828 ut
1269 2765 1307 2828 ab

160 2874 241 2956 ipsis
281 2874 483 2938 incunabulis
524 2873 613 2954 prius
649 2872 780 2955 obrepat
810 2872 961 2937 infantiae
1003 2873 1096 2955 culpa
1133 2891 1228 2955 quam
1265 2873 1310 2935 sit

161 2982 247 3046 ullus
271 3000 384 3046 sensus
410 2978 531 3045 enoris.
558 2998 716 3061 quamque
740 2978 822 3043 illud
846 2979 1037 3056 miserabile,
1066 2982 1104 3043 ut
1130 2978 1237 3043 breuis
1265 2978 1309 3042 ait

161 3087 228 3150 uita
270 3087 349 3165 eius,
383 3085 485 3151 dulcis
527 3086 695 3163 inlecebra,
738 3085 905 3169 multiplex
946 3105 1105 3164 aerumna,
1145 3086 1357 3151 iracundian

119 3228 144 3267 ,a
162 3193 345 3259 cottidiana.
372 3194 480 3275 itaque
507 3193 539 3257 in
568 3193 683 3277 exigua
711 3192 921 3257 delectatione
950 3192 1127 3259 amaritudo
1155 3196 1309 3276 perpetua

79 3300 118 3363 23
163 3303 221 3365 est.
256 3304 319 3365 est
350 3300 456 3383 inquit
489 3300 624 3365 arbori
658 3318 771 3381 spes;
798 3301 831 3364 si
865 3300 967 3364 enim
1000 3300 1130 3365 fuerit
1164 3300 1308 3375 excisa,

162 3407 392 3473 uiridesoet
429 3411 479 3483 et.
520 3407 553 3471 si
590 3408 628 3470 in
667 3409 784 3490 petra
820 3412 1004 3472 mortuus
1045 3426 1178 3472 ramus
1221 3406 1309 3471 eius

253 3597 546 3653 rasarnxxunr
605 3599 856 3663 1010b14,1-5
912 3600 946 3655 aa
965 3600 1014 3653 uu
1036 3602 1077 3664 14,
1097 3600 1183 3654 7-11
1260 3584 1263 3591 '

197 3728 263 3781 3et
280 3728 337 3779 tam
356 3724 383 3778 Β
402 3728 430 3777 et
448 3725 501 3777 iam
521 3724 549 3777 P
566 3728 594 3777 et
615 3725 644 3779 Β.
664 3741 715 3779 om.
735 3726 799 3779 ΒΡ·
903 3727 1006 3781 lanta
1024 3730 1053 3780 et
1071 3725 1137 3779 add.
1158 3728 1240 3793 atqua
1259 3726 1309 3778 im·

161 3820 290 3885 portuoso
309 3813 336 3866 B
444 3812 488 3865 uel
511 3813 662 3882 procelloso
687 3818 715 3868 et
733 3814 885 3884 periculoso
903 3815 938 3869 P'
1015 3817 1031 3868 'l
1051 3814 1182 3869 delictum
1201 3818 1259 3877 (m2
1278 3830 1311 3866 ea

161 3903 303 3968 dilectum)
323 3902 350 3955 P
377 3901 477 3955 delicta
495 3902 522 3955 Β
625 3904 799 3972 ignorantiae
826 3920 903 3957 meae
921 3904 950 3957 B
1038 3904 1055 3958 8
1083 3903 1238 3959 memineris
1257 3887 1311 3956 dn}

161 3992 225 4046 DP'
308 3992 341 4045 10
360 3992 448 4061 ipsum
467 3992 557 4060 inquit
580 3990 722 4047 audiamus
741 3994 768 4045 Β
842 3992 875 4046 12
895 3991 1036 4046 deseendit
1054 3992 1082 4045 Β
1154 3995 1187 4048 15
1207 3992 1308 4060 autem]

156 4083 225 4149 sort.
251 4080 321 4135 enim
348 4080 409 4151 (γὰρ
433 4079 531 4149 LXX)
623 4082 654 4135 17
682 4085 756 4135 terra
777 4081 805 4133 P
895 4083 928 4136 19
955 4082 983 4135 in
1012 4098 1063 4138 om.
1087 4082 1115 4135 B
1223 4080 1310 4134 omui·

160 4171 281 4240 potentis
300 4156 346 4223 un
368 4170 391 4222 e
443 4170 478 4222 2ο
496 4171 692 4239 percucurrerit
709 4170 737 4224 Β
773 4172 808 4224 aa
827 4171 969 4224 cunabulis
986 4170 1080 4225 eurr
1135 4172 1169 4224 24
1187 4172 1264 4223 carus
1281 4170 1311 4223 a

162 4262 195 4313 25
215 4262 347 4329 perpetua
364 4256 516 4310 amaritudo
532 4256 560 4309 Β
610 4258 644 4311 27
658 4257 804 4311 uiridescet
821 4258 850 4311 Β
867 4258 1008 4312 uiridescit
1026 4263 1074 4313 cet.
1148 4262 1176 4311 et
1193 4259 1218 4311 ai
1236 4258 1263 4309 Β
1282 4261 1311 4311 et

163 4354 209 4403 eet.
282 4351 360 4417 petra
377 4346 457 4399 PBG
473 4351 547 4399 terra
565 4346 629 4399 ΒΡ

188 4472 278 4512 xxm.
293 4471 373 4511 Amor.
388 4480 441 4519 pera
455 4474 474 4511 2.
1241 4454 1274 4507 15
