3100 4967
203 400 278 465 VIII
666 400 881 454 Praefatio.

203 596 271 661 fieri
295 596 387 674 solet,
411 596 616 680 inscriptione
640 615 700 661 non
725 596 861 679 praefixa
883 596 1030 662 inuentos
1054 600 1149 679 atque
1172 597 1204 661 in
1234 598 1350 663 lihrnm

202 704 348 769 redactos
385 720 552 786 germanae
589 702 754 786 apologiae
791 702 927 767 adnexos
964 706 997 767 ct
1027 703 1189 768 Ambrosii
1226 705 1351 769 nomine

203 810 373 893 insignitos
403 828 484 875 esse.
518 810 555 875 de
583 813 726 891 tempore
750 829 813 893 qno
836 809 869 873 id
891 809 1012 875 factum
1037 810 1190 875 estnihil
1213 830 1353 894 comper-

204 919 273 979 tum
306 915 474 991 hahemus3
508 914 540 979 id
573 915 679 979 solum
711 917 835 979 certum
866 918 917 980 est
947 935 986 980 ne
1018 936 1116 981 unum
1149 916 1278 998 quidem
1316 938 1352 983 er

206 1021 369 1087 codicibus
407 1022 461 1104 qui
499 1022 537 1086 ad
573 1025 714 1087 nostram
751 1022 937 1088 memoriam
973 1027 1185 1107 perucuemnt
1225 1026 1351 1090 saeculo

206 1128 392 1193 duodecimo
421 1128 630 1212 antiquiorem
660 1128 776 1211 csse1).
811 1132 937 1195 constat
959 1132 1067 1195 autem
1089 1131 1141 1195 hio
1164 1130 1292 1196 libellus
1316 1151 1353 1196 er

205 1236 309 1300 trihus
333 1236 476 1319 partibus
501 1235 674 1300 secundum
699 1254 767 1299 eam
792 1254 887 1318 qnam
911 1238 1014 1301 orator
1036 1236 1188 1320 inprime
1209 1255 1352 1301 sermone

207 1342 375 1407 constituit
403 1340 492 1425 (362,
524 1342 555 1423 1)
584 1340 826 1425 dispositionem
855 1342 1069 1408 conformatis.
1102 1343 1236 1425 primam
1268 1344 1353 1409 enim

207 1446 265 1528 (ss.
302 1448 422 1533 1—20)
455 1448 493 1511 ad
526 1448 671 1533 gentiles,
704 1450 836 1513 alteram
868 1446 925 1535 (ss.
959 1449 1104 1535 21—25)
1139 1450 1178 1514 ad
1206 1451 1352 1527 ludaeos,

206 1555 333 1619 tertiam
356 1556 413 1638 (ss.
437 1552 584 1641 26-74)
608 1554 648 1618 ad
672 1553 867 1619 Christianos
891 1555 1047 1637 pertinere
1070 1556 1184 1622 uoluit.
1216 1557 1354 1639 primum

208 1664 316 1726 autern
362 1680 538 1726 sermonem
585 1661 779 1727 sectionibus
822 1663 930 1725 1-27
972 1663 1155 1728 ahsolutum
1196 1682 1266 1729 esse
1308 1665 1354 1729 eis

209 1767 386 1846 edocemur,
415 1786 495 1850 quae
523 1768 598 1845 376,
628 1770 647 1832 5
677 1787 745 1850 sqq.
769 1769 920 1851 leguntur
941 1771 1036 1853 atque
1060 1790 1096 1835 ex
1122 1770 1229 1835 uerhis
1252 1772 1354 1855 ‘supe-

209 1876 289 1939 riore
322 1874 383 1940 die'
396 1873 421 1960 ²)
457 1875 679 1959 cognoscimus
713 1875 856 1959 singulos
884 1893 1045 1941 sermones
1073 1875 1209 1961 singulis
1242 1876 1355 1941 diebus

209 1982 291 2047 inter
328 2002 361 2047 se
399 1982 569 2065 excepisse.
607 1981 768 2047 breuiores
802 2000 876 2046 uero
910 2001 1071 2048 sermones
1105 2002 1139 2049 se
1170 1981 1285 2049 fecisse
1317 2002 1354 2047 eo

208 2091 313 2152 orator
341 2091 470 2151 excusat
497 2086 580 2171 quod
608 2088 708 2153 totam
738 2087 889 2151 orationis
919 2088 1033 2151 seriem
1060 2087 1192 2170 implere
1216 2088 1278 2153 sihi
1300 2108 1357 2173 per

209 2194 373 2278 angustias
397 2194 515 2279 ingenii
538 2195 591 2258 uel
614 2193 782 2277 peraccis
806 2194 1010 2277 fragilitatem
1035 2214 1096 2260 non
1118 2196 1246 2260 licuerit
1267 2196 1355 2277 (376,

210 2306 229 2365 5
257 2302 330 2387 00),
360 2303 392 2365 01
415 2300 513 2365 altero
537 2300 607 2365 loco
631 2298 722 2386 (393,
754 2298 809 2387 14)
846 2300 955 2364 eadem
991 2320 1071 2367 usus
1106 2303 1263 2368 modestia
1294 2303 1356 2368 sihi

209 2406 389 2472 facundiam
414 2409 446 2471 et
468 2408 635 2472 uerborum
660 2407 784 2491 copiam
808 2412 1016 2490 ornatumque
1044 2407 1155 2475 deesse
1181 2409 1356 2493 profitetur.

210 2518 350 2579 ceterum
383 2533 443 2580 non
476 2533 605 2597 prorsus
639 2514 804 2579 indoctum
836 2534 916 2604 eum
940 2515 1101 2580 hominem
1132 2516 1233 2581 fuisse
1261 2521 1293 2581 et
1320 2535 1357 2581 er

210 2638 391 2685 sermonum
426 2620 632 2702 dispositione
666 2620 908 2702 elocutioneque
941 2624 974 2685 et
1005 2640 1041 2685 ex
1074 2641 1111 2686 00
1140 2623 1245 2687 elucet
1271 2621 1357 2704 quod

210 2727 260 2793 bis
289 2726 321 2790 in
348 2727 408 2791 hoc
438 2727 602 2811 opusculo,
631 2727 707 2805 370,
739 2729 776 2791 11
808 2729 840 2791 01
863 2727 938 2804 388,
963 2728 993 2805 5,
1017 2728 1154 2794 imitatio
1177 2728 1358 2813 Uergiliana

212 2834 414 2915 conspicitur.
452 2854 527 2899 num
566 2834 641 2912 361,
681 2836 732 2909 19,
770 2852 833 2916 000
865 2833 935 2897 1000
969 2852 987 2897 0
1019 2835 1215 2917 sapientibus
1247 2836 1358 2899 mundi

211 2940 441 3024 praescriptum
474 2959 543 3005 esec
577 2940 630 3019 ait,
664 2958 703 3003 ne
734 2940 767 3002 in
800 2938 967 3004 iudicando
999 2942 1100 3005 maior
1130 2961 1232 3024 poena
1263 2960 1359 3024 qnam

212 3048 306 3132 culpa
339 3048 390 3125 sit,
426 3052 546 3113 eertum
580 3048 744 3129 scriptoris
777 3047 943 3112 cuiusdam
980 3047 1102 3112 dictum
1140 3052 1211 3112 ante
1249 3048 1358 3114 oculos

212 3156 359 3221 habuerit
390 3154 475 3219 haud
506 3153 599 3219 facile
629 3154 794 3219 diiudices.
827 3153 944 3218 mirum
972 3173 1046 3219 uero
1075 3156 1126 3218 est
1148 3174 1222 3218 cum
1244 3154 1360 3237 psalmi

212 3262 237 3325 L
261 3260 551 3344 interpretationem
576 3278 636 3325 non
656 3260 845 3338 absoluisse,
865 3260 922 3325 sed
939 3264 1064 3326 tantum
1082 3261 1259 3339 incohasse,
1279 3280 1360 3343 quae

211 3387 263 3433 res
296 3371 401 3432 utrum
436 3367 552 3432 oratori
585 3368 646 3450 ipsi
674 3367 842 3432 tribuenda
870 3388 908 3432 an
937 3386 973 3433 eo
1002 3366 1185 3450 explicanda
1209 3368 1253 3432 sit
1275 3366 1361 3451 quod

210 3475 288 3557 post
312 3474 483 3539 sectionem
509 3476 550 3538 74
575 3473 728 3557 quaedam
751 3474 969 3538 interciderint
989 3476 1083 3557 plane
1107 3474 1263 3539 incertum
1290 3492 1361 3539 esse

213 3580 377 3661 Maurinis,
412 3581 466 3664 qui
500 3580 537 3645 de
570 3580 630 3645 hoo
658 3579 765 3645 libello
796 3580 918 3645 utiliter
944 3580 1198 3663 disputauerunt,
1225 3580 1362 3645 libenter

214 3687 382 3755 adsentior.
407 3687 475 3752 fieri
499 3690 582 3752 certe
605 3687 712 3770 potuit
734 3689 771 3751 ut
794 3687 862 3753 eius
886 3687 940 3769 qui
963 3688 1022 3751 hos
1046 3705 1208 3752 sermones
1236 3706 1273 3751 cr
1296 3704 1362 3751 cor·

214 3813 289 3877 pore
316 3814 431 3880 magno
460 3795 639 3878 desumpsit
667 3812 769 3859 errore
797 3813 869 3877 pars
902 3793 1017 3858 ultima
1047 3793 1360 3877 praetermitteretur.

263 3984 282 4051 ¹)
301 3986 367 4039 Loci
386 3985 491 4055 aliquot
515 4002 546 4039 ex
569 3985 620 4039 hoo
644 3985 772 4055 opusculo
797 3983 957 4038 adferuntur
974 3985 1002 4039 in
1025 3983 1226 4040 Commentario
1245 3984 1274 4037 in
1293 3982 1362 4039 Can·

215 4074 271 4127 tica
291 4072 462 4128 canticorum
481 4092 495 4127 e
515 4073 622 4143 scriptis
642 4090 662 4127 s.
678 4071 814 4128 Ambrosii
833 4091 849 4125 a
868 4072 1003 4127 Guilelmo
1022 4073 1096 4143 prins
1115 4071 1214 4126 abbate
1234 4088 1255 4126 s.
1275 4072 1363 4125 Theo·

217 4162 300 4215 derici
327 4161 399 4232 apud
426 4163 534 4229 Remos,
562 4165 657 4232 postea
684 4161 815 4216 morracho
843 4162 1015 4231 Sigmaoensi
1040 4161 1163 4216 collecto.
1188 4178 1267 4230 quem
1293 4160 1364 4214 eirca

216 4268 315 4305 annum
335 4251 484 4306 MCXXXX
504 4251 601 4305 uixisse
620 4250 738 4305 hlaurini
756 4254 894 4315 statuunt;
916 4250 1099 4320 0100110.
1120 4251 1171 4305 705
1191 4254 1220 4304 et
1240 4251 1317 4304 1545.

263 4340 284 4407 ²)
305 4342 337 4396 ci.
358 4342 418 4404 378,
440 4344 480 4396 11.
