3100 4967
230 437 297 501 400
687 430 909 503 [Ambrosii]

232 626 451 705 condemnant,
480 647 551 692 meo
579 630 767 712 respondere
796 648 950 708 sermone,
980 628 1084 693 etita
1110 628 1217 693 seriore
1250 629 1378 692 uestrae

231 735 450 801 unanimitatis
478 738 634 800 tractatus
661 735 761 801 nostri
790 754 903 799 cursus
933 735 1046 815 euasit,
1080 738 1117 799 ut
1148 734 1377 817 praedicendus

232 844 300 907 iure
328 842 475 907 omnibus
503 842 667 906 uideretur
694 862 788 924 quem
816 842 1008 925 putabamus
1036 861 1097 907 non
1121 861 1215 924 posse
1241 840 1376 905 defendi.

232 950 289 1014 sed
313 949 463 1031 quoniam
485 952 593 1013 nostro
617 950 668 1013 uir
691 953 821 1013 sanctus
846 949 961 1014 auxilio
985 968 1046 1013 non
1071 949 1203 1033 indiget,
1227 948 1292 1012 iam
1310 948 1379 1031 ipse

233 1056 326 1121 uobis
349 1076 406 1140 pro
430 1076 464 1121 se
486 1058 637 1138 loquatur
659 1060 692 1121 et
714 1057 836 1121 factum
861 1075 955 1120 suum
974 1056 1075 1138 ipsius
1095 1055 1178 1120 dicte
1198 1055 1378 1120 defendant.
1408 1074 1422 1115 ι

124 1162 232 1245 lace
277 1164 457 1228 Miserere
494 1164 565 1229 mei
601 1164 716 1246 inquit,
755 1162 918 1241 domine,
962 1162 1168 1227 secundum
1209 1182 1380 1247 magnam
1430 1172 1481 1230 CI)

232 1270 534 1335 misericordiam
559 1272 670 1336 tuam.
694 1289 776 1334 noua
800 1270 832 1333 ni
855 1270 957 1347 folior,
981 1269 1093 1335 fratres
1118 1269 1287 1346 carissimi,
1308 1288 1381 1333 con·

233 1378 352 1443 iunctio
384 1377 449 1441 ista
480 1378 645 1454 sermonis,
677 1380 715 1441 nt
747 1396 862 1460 magua
894 1376 1111 1441 misericordia
1143 1376 1309 1453 diceretur,
1348 1378 1382 1439 et

233 1504 295 1549 non
331 1484 424 1549 facile
461 1484 537 1548 alibi
572 1486 693 1549 lectum
729 1484 869 1551 memini.
909 1487 942 1549 et
971 1484 1042 1548 ideo
1076 1502 1156 1567 qnae
1190 1484 1233 1548 sit
1266 1500 1382 1566 magna

233 1591 453 1656 misericordia
476 1591 629 1655 debemus
653 1590 827 1656 aduertere.
851 1610 923 1656 unm
948 1592 1009 1657 etsi
1032 1610 1179 1675 magnam
1203 1589 1380 1654 misericor·
1403 1616 1432 1655 ιιι

235 1700 320 1762 dium
346 1716 407 1762 non
434 1698 527 1762 facila
554 1699 738 1782 legerimus,
765 1699 905 1782 legimus
934 1701 1037 1763 tamen
1067 1716 1216 1781 magnam
1244 1696 1294 1762 dei
1317 1696 1382 1760 uir-

234 1808 348 1868 tutem.
378 1808 411 1869 et
432 1804 502 1869 ideo
527 1805 762 1884 considerantes
789 1824 868 1888 quaa
892 1824 1008 1890 magne
1032 1805 1075 1869 sit
1109 1804 1213 1868 uirtus
1238 1803 1381 1867 conicere

234 1913 410 1994 poterimus
443 1930 537 1993 quam
568 1912 818 1976 misericordiam
850 1931 996 1995 magnam
1029 1911 1168 1977 uoluerit
1205 1910 1381 1993 designare.

234 2019 372 2104 legimus
401 2019 484 2082 enim
512 2017 544 2083 in
574 2021 683 2083 sancto
712 2018 891 2083 Hieremia:
926 2019 1010 2101 quis
1044 2038 1097 2096 es,
1132 2018 1307 2083 dominc?
1340 2018 1382 2081 tu
1456 2020 1479 2073 Ε

235 2127 367 2192 fecisti
404 2128 550 2190 caelum
589 2128 625 2190 et
661 2128 799 2189 terram
835 2125 871 2189 in
904 2144 1035 2209 magna
1067 2126 1214 2189 uirtute
1247 2127 1312 2189 tua
1345 2126 1383 2187 et
1404 2146 1431 2186 ιι

235 2233 390 2299 brachio
415 2234 577 2297 excelso.
601 2233 705 2297 uirtus
728 2251 803 2316 ergo
827 2252 943 2317 magua
967 2234 1089 2297 caelum
1114 2232 1199 2298 fecit.
1225 2250 1307 2313 quae
1332 2234 1384 2295 est

236 2342 341 2405 uirtus
359 2359 483 2423 magna,
500 2340 599 2423 patris
619 2360 657 2403 an
677 2338 756 2404 filii?
775 2359 891 2423 magna
910 2340 1021 2422 utique
1040 2339 1139 2423 patris
1154 2339 1258 2403 uirtus
1274 2341 1325 2404 est
1338 2374 1382 2383 -

235 2449 306 2531 ipso
330 2448 414 2511 enim
436 2466 492 2529 per
514 2446 617 2510 tilium
642 2447 765 2510 caelum
789 2446 866 2511 fecit
891 2448 923 2510 et
945 2450 1070 2525 terrem,
1096 2446 1181 2509 sicut
1203 2445 1321 2509 habes:
1345 2444 1382 2508 in

235 2554 424 2638 principio
449 2553 543 2618 fecit
567 2553 656 2617 deus
682 2554 827 2617 caelum
852 2556 889 2617 et
911 2557 1047 2617 terram
1068 2590 1121 2631 —,
1142 2552 1198 2617 sed
1221 2555 1327 2615 tamen
1351 2556 1385 2616 et

236 2662 322 2727 filius
361 2680 478 2743 magna
513 2660 617 2723 uirtus
655 2662 713 2724 est.
753 2678 825 2723 nam
859 2679 931 2724 cum
963 2660 1116 2725 uirtutem
1148 2659 1246 2741 patris
1279 2658 1383 2723 filiurn
1402 2682 1431 2721 uo

235 2769 362 2852 legeris,
391 2769 476 2832 sicut
499 2768 597 2831 habes
621 2764 786 2831 Christum
811 2767 860 2831 dei
886 2767 1073 2849 sapientiam
1098 2770 1192 2850 atque
1215 2765 1383 2841 uirtutem,

236 2877 347 2958 utique
377 2893 450 2938 cum
478 2874 583 2938 uirtus
611 2874 710 2955 patris
737 2874 824 2938 filius
854 2874 907 2951 sit,
936 2892 1051 2957 magna
1079 2874 1182 2937 uirtus
1211 2876 1263 2937 est
1285 2872 1382 2937 filius.

237 2981 504 3063 quemadmodum
536 2980 636 3063 igit-ur
665 2980 864 3063 omnipotens
898 2980 1081 3065 denegatur,
1116 2998 1209 3062 quem
1246 2980 1385 3044 fatemur
1453 2990 1475 3043 F

236 3105 384 3168 maguam
408 3086 459 3150 dei
483 3105 552 3151 esse
575 3087 755 3151 uirtutem?
779 3088 856 3151 heco
879 3086 979 3170 igitur
1001 3106 1116 3171 magna
1133 3086 1238 3151 uirtus
1258 3086 1382 3151 caelum

326 3312 395 3366 5de
415 3313 484 3383 apol.
503 3313 572 3369 Dan.
592 3312 618 3375 8,
637 3314 670 3367 41
740 3313 953 3367 6Pselm.L3
1018 3313 1050 3367 11
1072 3312 1104 3366 de
1124 3313 1193 3383 epol.
1213 3312 1284 3367 Dan.
1303 3312 1329 3375 8,
1348 3312 1382 3367 43

238 3403 272 3457 14
290 3403 364 3456 Hier.
383 3404 417 3457 39
438 3403 503 3471 (32),
525 3403 558 3457 17
614 3403 647 3456 18
667 3402 733 3456 Gen.
754 3403 813 3467 1,1
869 3402 1015 3457 2IICor.
1036 3402 1060 3469 1,
1080 3403 1114 3456 24

274 3562 287 3614 1
319 3561 517 3631 condempnant
544 3580 604 3616 meo
636 3560 688 3617 TN
713 3562 880 3631 arguendum
908 3566 1007 3634 putant
1035 3562 1222 3633 qualicumque
1250 3580 1310 3616 meo
1334 3568 1380 3617 cet.

238 3652 330 3704 3iure
357 3650 480 3704 omnibus
505 3651 561 3704 TN
585 3668 631 3704 ore
656 3652 774 3705 omnium
800 3657 849 3705 cet.
955 3668 1009 3705 nou
1038 3669 1088 3708 om.
1111 3652 1174 3705 BT
1284 3654 1301 3705 4
1329 3668 1380 3705 non

236 3739 346 3808 indiget
371 3740 469 3791 auxilio
494 3740 605 3810 1}ng
703 3744 719 3795 5
744 3742 803 3810 ipse
830 3740 959 3795 desendet
985 3746 1046 3807 (om.
1071 3740 1199 3807 uterqx
1295 3740 1380 3795 timei

236 3827 327 3897 inquit
344 3826 463 3881 TDNP‘
481 3834 506 3882 ct
525 3829 566 3899 (in
584 3831 653 3895 ras.)
665 3828 702 3881 B¹
720 3830 810 3899 inquit
827 3830 895 3883 mihi
910 3830 977 3894 PM,
997 3830 1050 3884 mei
1070 3846 1122 3883 om.
1133 3829 1198 3883 BT‘
1272 3830 1338 3884 deus
1353 3830 1381 3883 N

238 3918 254 3971 7
273 3918 302 3970 ni
323 3918 380 3970 TN
397 3917 450 3970 nisi
469 3923 516 3974 eet.
606 3918 742 3972 karissimi
765 3919 791 3971 T
808 3920 836 3985 (k
854 3920 886 3972 in
903 3922 972 3985 ras.)
991 3920 1022 3973 N
1092 3920 1108 3973 8
1133 3924 1161 3972 et
1184 3918 1244 3980 TN.
1263 3936 1315 3974 om.
1335 3926 1381 3973 oet.

236 4008 254 4059 9
272 4006 373 4059 lectum
395 4004 453 4059 TN
467 4006 550 4060 talem
568 4006 599 4060 D
617 4007 716 4061 lectam
735 4014 783 4064 cet.
844 4009 877 4062 10
897 4008 1298 4063 debemus...misericordism
1321 4008 1381 4069 TN,

237 4111 288 4150 om.
308 4100 355 4149 cet.
448 4096 478 4149 11
498 4096 626 4165 legimns]
646 4096 768 4165 legemus
792 4096 817 4150 T
836 4099 914 4163 (corr.
934 4098 987 4167 ml)
1005 4097 1037 4149 N
1129 4096 1162 4149 14
1181 4100 1275 4150 sancto
1295 4114 1382 4167 cocy=

238 4183 271 4237 17
290 4200 390 4253 magna
402 4184 489 4237 uirtus
505 4184 598 4253 utique
613 4184 700 4237 uirtus
713 4186 799 4255 patris
815 4188 856 4239 est
869 4185 940 4239 B‘P'
992 4186 1024 4241 18
1043 4202 1091 4255 per
1105 4200 1138 4239 ero
1151 4202 1215 4256 prae
1234 4184 1260 4239 T
1317 4186 1381 4239 fecit

238 4272 342 4326 caetum
359 4290 385 4344 χ,
405 4272 471 4326 fecit
489 4290 540 4327 om.
559 4274 589 4327 D
681 4274 713 4328 19
732 4273 781 4327 sed
798 4278 890 4329 tamen
912 4275 968 4329 TN
985 4278 1077 4329 tamon
1096 4280 1142 4329 eet.
1234 4276 1269 4329 20
1288 4275 1380 4330 filiiB

274 4376 334 4412 cum
352 4361 455 4414 uirtute
478 4360 504 4414 T
555 4362 588 4415 21
608 4360 693 4415 habes
713 4365 736 4427 (s
756 4378 789 4415 cr
807 4366 829 4429 t)
853 4362 879 4416 T
930 4361 1297 4432 arcaelum]cae10s13‘P
