3100 4967
234 452 300 515 454
710 448 909 501 Ambrosii

188 652 230 716 71
279 644 439 727 Propheta
467 663 592 726 quoque
621 642 726 707 Dauid
754 643 808 721 ait,
834 662 906 707 eum
931 643 981 707 dei
1006 643 1089 707 circa
1112 642 1273 707 hominem
1299 662 1381 708 oom-

234 754 425 816 memoraret
462 752 617 835 gratiam:
654 750 785 816 omnio
827 750 1052 815 subiecisti
1095 751 1167 816 sub
1210 750 1381 833 pedibus

235 859 342 937 eius,
372 878 470 925 oues
500 844 539 922 et
566 859 693 923 boues
717 859 956 935 uniuersas,
981 858 1150 940 insuper
1174 861 1213 921 et
1236 876 1382 940 pecora

232 966 383 1047 campi,
421 964 615 1030 uolucres
649 964 753 1029 caeli
787 967 826 1029 et
857 966 993 1048 pisces
1026 966 1166 1042 maris,
1202 964 1269 1047 qui
1301 982 1382 1046 per-

232 1072 444 1137 ambulant
468 1073 639 1137 semitas
663 1073 796 1137 maris.
820 1072 965 1156 piscibus
989 1072 1085 1150 dedit,
1110 1091 1172 1136 non
1200 1072 1382 1136 bominibus
1413 1092 1424 1128 ⁵

234 1180 452 1263 perambulare
480 1180 575 1243 maris
605 1180 764 1246 semitam.
794 1180 833 1244 ad
862 1199 967 1245 escam
996 1180 1055 1243 tibi
1080 1198 1165 1243 mare
1189 1179 1299 1243 datum
1324 1182 1383 1250 est,

235 1305 297 1350 non
332 1286 371 1350 ad
402 1286 600 1369 periculum:
634 1286 717 1365 cibo,
750 1304 811 1351 non
840 1287 880 1352 ad
907 1291 1082 1351 mercatum
1111 1289 1211 1350 utere.
1241 1304 1297 1349 cur
1324 1284 1383 1349 tibi

234 1393 413 1475 periculum
446 1411 578 1476 generas
611 1393 649 1457 de
682 1393 876 1476 uoluptate?
910 1412 965 1458 eur
997 1392 1198 1476 separatioris
1236 1392 1383 1457 elementi
1440 1408 1460 1461 D

236 1501 392 1584 profunda
417 1498 568 1565 rimaris?
596 1519 653 1565 our
679 1500 837 1582 inquietas
865 1498 975 1563 mundi
1004 1499 1115 1564 altiora
1149 1502 1296 1563 secreta?
1329 1518 1385 1564 cur

122 1616 125 1621 ’
234 1611 397 1690 postremo
422 1608 550 1690 saepius
574 1608 698 1671 sulcare
718 1611 812 1689 atque
832 1625 956 1671 exarare
974 1606 1092 1669 fluctus
1112 1606 1270 1687 inpatiens
1289 1609 1385 1670 nauta
1399 1630 1421 1666 a·

236 1714 428 1779 contendis?
462 1731 518 1778 cur
548 1716 686 1795 temptas
719 1714 901 1796 frequenter
933 1712 1058 1776 innoxia
1090 1730 1237 1795 aequora,
1274 1712 1384 1776 inritas

236 1819 419 1904 proeellas?
448 1839 466 1885 o
493 1819 694 1903 inexplebilis
722 1819 856 1884 auaritia
884 1821 1114 1884 mercatorum!
1145 1818 1230 1883 cedit
1261 1818 1319 1882 tibi
1355 1822 1385 1882 et

237 1946 323 1991 mare
356 1931 389 1991 et
419 1926 672 2008 inquietudinem
705 1929 794 1989 tuam
828 1927 961 2009 pelagus
990 1944 1050 1991 non
1079 1928 1187 2007 potest
1215 1926 1382 1989 sustinere.

237 2035 373 2116 denique
405 2035 523 2099 totiens
556 2033 792 2098 recurrentibus
822 2032 1053 2098 mercatoribus
1087 2036 1263 2097 exaratum:
1304 2051 1385 2096 eru-

237 2142 370 2219 besee,
396 2140 529 2218 Sidon,
555 2140 660 2206 dixit
682 2160 799 2205 mare.
823 2144 983 2223 tamqnam
1009 2140 1135 2224 fatigati
1155 2139 1305 2205 elementi
1323 2157 1384 2203 uor
1403 2160 1424 2199 u

236 2250 300 2313 ista
328 2248 463 2313 dicentis
492 2252 555 2313 est:
586 2248 792 2323 erubesce
823 2246 958 2323 Sidon,
987 2247 1046 2311 hoc
1071 2249 1122 2312 est
1143 2248 1242 2311 ‘meos
1267 2246 1383 2311 fluctus

237 2356 417 2440 negotiator
439 2355 557 2439 arguis,
582 2374 655 2419 cum
686 2355 731 2419 sIs
758 2354 828 2437 ipse
852 2354 1003 2419 fiuctibus
1027 2354 1207 2437 inquietior.
1233 2354 1383 2418 erubesce
1442 2365 1459 2417 r}
1541 2348 1542 2361 *

238 2464 291 2527 uel
323 2462 454 2545 pudore,
492 2462 641 2544 quoniam
677 2458 819 2543 periculo
856 2480 917 2526 non
954 2462 1103 2525 mouens
1142 2460 1383 2525 uerecundiores

237 2569 327 2633 uenti
360 2570 435 2632 sunt
467 2587 562 2650 quam
595 2569 721 2630 uestrae
754 2565 958 2647 cupiditates.
991 2566 1040 2630 illi
1071 2565 1190 2631 hubent
1220 2566 1286 2631 otia
1317 2586 1383 2645 suu,

237 2694 412 2759 numquam
442 2679 550 2738 uestra
580 2672 750 2755 quaerendi
783 2672 889 2737 studia
919 2672 1080 2736 feriantur.
1114 2676 1147 2735 et
1180 2690 1251 2735 cum
1284 2672 1423 2737 otiosam

237 2787 413 2867 tempestas
439 2787 498 2859 est,
522 2800 695 2863 numquam
720 2784 827 2844 uestra
852 2780 955 2844 otiosa
979 2779 1107 2863 nauigia
1131 2781 1216 2843 sunt.
1241 2783 1385 2843 trenetur

328 3010 463 3067 PPsalnr.
482 3008 549 3061 VIII
570 3008 639 3061 7-9
696 3008 729 3060 14
748 3006 819 3059 Esni.
840 3008 882 3063 23.
902 3008 919 3059 4

277 3133 417 3205 lprofeta
436 3132 462 3185 P
550 3128 710 3184 Doridem.
733 3129 759 3183 G
851 3133 1014 3183 cornemoret
1032 3130 1067 3183 H
1154 3128 1309 3183 2subierit
1329 3128 1388 3182 GH

238 3224 256 3278 3
275 3224 402 3276 uniuersa
415 3220 504 3275 PGH
517 3219 615 3289 (πάσας
630 3225 681 3273 out
695 3216 798 3279 ἁπάσας
814 3216 876 3271 AS²
889 3217 986 3283 LXX)
1042 3220 1059 3271 4
1078 3218 1200 3271 uolocres
1216 3222 1244 3283 (u
1258 3233 1278 3271 a.
1296 3234 1311 3269 o
1327 3217 1384 3281 oli.)

239 3313 267 3365 P
338 3313 355 3365 6
373 3309 558 3381 peramboiare
576 3310 603 3362 P
684 3308 795 3361 semitas
814 3306 887 3369 ΒΗ,
907 3312 1073 3375 metopium
1095 3307 1206 3360 semItas
1225 3308 1309 3360 maris
1331 3306 1387 3361 GH

271 3418 347 3455 mare
367 3402 461 3454 datum
483 3398 544 3453 GH
559 3398 717 3451 mandatum
736 3403 784 3451 eet.
840 3395 936 3449 'icibo
952 3396 977 3459 (o
993 3398 1066 3461 ceu)
1081 3396 1116 3449 H
1186 3395 1220 3449 ad
1238 3400 1385 3450 mercatum

240 3489 332 3543 PDP‘
349 3489 516 3542 mereatu'G
533 3488 651 3540 mercato
670 3485 741 3538 ΗΗ
832 3487 938 3537 uterere
958 3484 984 3536 P
1065 3484 1081 3536 8
1101 3483 1312 3552 separationibus
1331 3484 1387 3553 (m2

239 3578 319 3644 -oris)
339 3576 373 3630 H
388 3574 605 3644 separationibus
627 3574 652 3628 G
725 3573 866 3627 elementis
881 3572 907 3623 P
919 3575 945 3637 <e
966 3572 1013 3625 alt.
1035 3589 1068 3625 ex
1087 3573 1095 3625 i
1114 3576 1171 3636 en2)
1190 3571 1250 3625 GH
1302 3574 1318 3625 9
1337 3572 1385 3625 ini·

237 3667 332 3735 quites
353 3666 379 3719 o
398 3670 422 3718 o
443 3666 523 3728 (corr.
542 3667 599 3729 me)
618 3664 653 3717 Η
705 3664 736 3717 11
756 3664 906 3732 tempestas
929 3661 1025 3715 Gerre
1098 3662 1124 3713 in
1144 3647 1240 3714 irin
1295 3662 1328 3715 12
1347 3662 1386 3714 n-

237 3752 383 3824 ·explebilia
403 3759 429 3820 (e
449 3753 498 3806 alt.
516 3752 548 3805 in
565 3768 621 3805 ros.
641 3756 695 3820 m2,
715 3752 731 3806 b
752 3768 785 3805 ex
804 3756 831 3819 u)
853 3752 879 3803 P
896 3749 1061 3821 inerplibilis
1081 3750 1114 3804 H
1208 3749 1273 3803 cede
1291 3754 1323 3803 tu
1343 3749 1387 3805 ubi

242 3846 271 3897 et
292 3842 352 3897 GH
417 3841 583 3910 asperagos
603 3839 913 3910 Inquietudinemtuam
935 3838 995 3893 GH
1077 3838 1295 3908 inquietudinem
1317 3842 1339 3904 (t
1357 3852 1389 3891 eae

243 3932 271 3997 d)
292 3932 318 3985 P
424 3948 477 3984 non
496 3933 589 4000 potest
607 3931 740 3984 sustinere
762 3929 829 3984 ΘΗ
848 3935 874 3983 et
891 3928 939 3999 (sti
959 3945 992 3983 ece
1009 3929 1052 3982 bii
1069 3932 1126 3993 rn2)
1147 3926 1181 3981 H
1197 3944 1251 3981 non
1270 3932 1347 3997 potes
1366 3928 1390 3980 P

238 4022 311 4076 ferre
330 4038 384 4075 non
403 4025 495 4090 potest
508 4020 573 4075 DP¹
629 4021 662 4073 14
681 4019 797 4089 denique
816 4020 918 4073 totiens
933 4035 983 4072 ona
999 4016 1090 4071 PDP‘
1155 4016 1282 4070 erubesce
1299 4023 1324 4082 (e
1340 4016 1388 4069 oti.

240 4110 420 4180 coitum
475 4111 508 4165 16
528 4110 643 4164 dicentis
664 4109 849 4177 (isoees)P
905 4110 937 4163 16
956 4114 981 4161 ei
1002 4108 1033 4161 17
1054 4105 1217 4159 erubiseeP
1273 4106 1306 4159 16
1324 4106 1388 4159 fluc-

241 4205 287 4254 tus
306 4217 380 4254 meos
399 4200 464 4254 DP‘
554 4216 629 4253 meus
651 4199 677 4253 G
766 4198 871 4251 fructus
891 4198 1029 4251 Pfluctos
1049 4194 1088 4249 Η
1162 4195 1195 4248 17
1215 4194 1392 4249 fructibusP

280 4292 308 4343 et
327 4289 453 4341 erubesce
473 4288 549 4341 uelut
570 4287 628 4342 GH
696 4288 729 4341 18
749 4286 953 4340 uerecondiores
972 4285 999 4336 P
1055 4286 1086 4339 19
1106 4283 1168 4337 odia
1187 4282 1213 4335 P
1232 4284 1288 4336 otio
1310 4288 1389 4351 (corr.

241 4377 301 4447 m2)
320 4376 352 4427 H
404 4378 439 4429 20
459 4376 553 4430 odiosa
572 4376 633 4429 ΡΗ
689 4376 722 4428 21
743 4378 884 4427 uersentur
904 4377 930 4438 (n
950 4390 971 4429 s.
990 4390 1017 4427 ee.
1037 4374 1094 4441 2122)
1113 4370 1139 4423 P
