3100 4967
393 430 434 483 De
453 431 618 485 Patriarchis
637 432 662 493 3,
683 433 788 485 11-13
827 432 852 485 (l
870 434 922 486 516
941 433 1056 487 D—517
1077 433 1118 499 C).
1265 439 1325 499 131

182 623 370 705 inpuritatis?
391 624 573 688 auctoribus
602 624 768 688 manubias
798 626 982 707 reportauit
1011 627 1119 691 locum
1147 630 1267 710 stupris
1297 633 1329 693 et

182 730 310 814 flagitiis
338 735 504 795 uacautem
534 731 572 795 ad
601 731 774 795 incolatum
800 735 983 797 sanctorum
1007 734 1113 797 uerbis
1138 736 1328 800 caelestibus

183 842 212 900 et
236 838 341 920 gladio
367 838 495 919 capiens
520 838 666 919 spiritali.
692 842 728 903 ut
751 840 806 903 ubi
830 840 1059 904 inhabitatores
1085 845 1157 905 ante
1176 842 1425 906 lasciuiaesus

182 948 212 1007 et
225 944 383 1026 principes
398 945 540 1008 luxuriae
556 946 776 1024 cremabantur,
792 946 849 1009 ubi
867 947 991 1010 fuerant
1009 948 1170 1011 incentiua
1187 948 1329 1012 libidinis

145 1074 159 1109 a
183 1055 212 1114 et
240 1052 381 1115 fomenta
408 1052 578 1132 nequitiae,
608 1052 653 1115 ibi
681 1071 764 1116 nrrno
793 1053 895 1117 sancti
929 1054 1110 1117 sacerdotes
1143 1056 1330 1137 magisteria

182 1158 315 1221 doceant
348 1159 506 1221 castitatis
539 1162 571 1223 et
603 1159 741 1241 plurima
770 1160 937 1241 uirginalis
965 1161 1160 1244 integritatis
1187 1161 1330 1244 exempla

182 1264 317 1345 quodam
342 1284 496 1345 supernae
519 1265 602 1328 lucis
626 1266 751 1349 fulgore
775 1268 1007 1349 resplendeant.

83 1368 128 1429 13
226 1372 340 1435 Tribus
356 1372 456 1454 igitur
471 1376 545 1435 sunt
562 1392 642 1453 quae
658 1373 866 1455 designantur
875 1374 1057 1438 nominibus
1068 1374 1329 1456 patriarcharum,

182 1478 255 1559 quia
283 1478 321 1541 de
348 1478 433 1541 tribu
463 1476 599 1560 Symeon
629 1480 750 1543 scribae
779 1485 863 1556 sunt,
893 1481 931 1543 de
958 1482 1044 1544 tribu
1067 1482 1146 1545 Leui
1169 1482 1329 1564 principes

132 1606 160 1645 ιο
183 1584 392 1651 sacerdotum.
414 1586 467 1666 qui
486 1586 685 1667 perfecerunt
703 1587 879 1667 nequitiam
895 1607 985 1651 suam
1000 1590 1032 1651 in
1048 1587 1168 1652 domini
1181 1588 1328 1670 passione

182 1709 363 1755 mensuram
387 1709 513 1754 omnem
536 1696 683 1773 paternae
707 1691 870 1774 inpietatis
889 1694 1057 1776 inplentes.
1078 1694 1140 1776 ipsi
1160 1694 1327 1758 consilium
1355 1700 1378 1751 Β

184 1798 404 1881 cogitauerunt
433 1798 602 1861 aduersum
632 1798 795 1862 dominum
822 1800 940 1875 Iesum,
970 1803 1006 1864 ut
1034 1801 1214 1865 occiderent
1246 1821 1329 1878 eum,

185 1904 268 1967 sicut
291 1904 402 1967 llsaias
429 1905 523 1969 dicit:
548 1924 621 1967 uae
646 1906 801 1969 animae
830 1906 1027 1987 ipsorum,
1057 1909 1151 1988 quia
1179 1908 1329 1991 cogita-

184 2013 332 2075 uerunt
362 2014 582 2076 consilium
617 2014 764 2076 malum
799 2012 1016 2077 aduersum
1050 2033 1090 2077 se
1124 2014 1328 2078 dicentes:

134 2139 161 2178 ιε,
184 2118 405 2201 alligemus
430 2120 595 2195 iustum,
621 2119 715 2201 quia
739 2120 909 2183 inutilis
935 2128 997 2184 est
1016 2121 1144 2184 nobis.
1165 2122 1228 2203 ipsi
1248 2121 1330 2185 occi-

184 2226 294 2289 derunt
322 2226 493 2307 propbetas
524 2229 556 2289 et
584 2228 745 2307 apostolus
775 2227 997 2291 adnuntiantes
1027 2228 1147 2291 domini
1180 2228 1330 2292 salutaris

183 2330 365 2406 aduentum,
382 2332 539 2412 passionis
555 2333 623 2396 eius
640 2334 672 2395 et
690 2333 930 2397 resurrectionis
949 2334 1083 2414 gloriam
1102 2334 1330 2414 praedicantes.

183 2438 244 2519 ipsi
267 2441 380 2520 postea
398 2440 430 2502 in
451 2458 509 2502 sua
529 2440 712 2523 cupiditate.
734 2440 808 2521 quia
827 2448 952 2503 terrena
969 2441 1092 2523 flagitia
1111 2440 1332 2505 desiderabant

185 2544 289 2607 diuina
309 2544 468 2608 consortia
486 2544 692 2627 refugientes,
714 2547 854 2627 corporis
874 2546 1105 2616 castimoniam,
1126 2546 1329 2610 sobrietatem
1358 2553 1379 2607 C

137 2674 164 2711 aa
185 2651 310 2728 mentis,
337 2654 553 2733 contemptum
577 2652 739 2734 pecuniae,
764 2653 888 2716 lucrum
909 2654 1039 2736 gratiae,
1057 2652 1332 2716 subnemauerunt

185 2760 318 2834 taurum,
342 2758 435 2821 illurn
459 2758 612 2821 uidelicet
635 2778 752 2823 coruua
771 2760 998 2840 producentem
1018 2760 1216 2841 mergulae,
1237 2778 1329 2840 quem

185 2864 293 2927 uident
324 2884 478 2947 pauperes
514 2866 545 2928 et
576 2866 744 2940 laetantur,
780 2866 928 2948 quoniam
961 2866 1058 2929 uerbo
1092 2866 1143 2929 dei
1181 2864 1333 2928 exaltauit

188 2990 313 3035 cornum
324 2972 505 3053 populi‘sui,
518 2992 578 3053 quo
596 2976 628 3034 et
644 2973 789 3036 iuimicus
806 2973 947 3055 reppulit
962 2977 994 3036 et
1008 2973 1182 3053 praemium
1198 2991 1331 3036 coronae.

187 3078 331 3141 caelestis
361 3079 505 3141 emeruit.
538 3080 589 3142 hie
618 3084 668 3142 est
695 3082 817 3154 taurus
852 3101 914 3162 quo
949 3080 1084 3144 eeclesia
1115 3079 1269 3161 figuratur
1299 3080 1330 3142 in

139 3211 166 3249 ea
186 3182 257 3248 luna
286 3187 363 3248 tuuc
391 3185 523 3265 plenior,
553 3204 625 3249 cum
649 3185 741 3248 uelut
765 3187 912 3249 cornibus
937 3186 1008 3249 nixa
1031 3184 1166 3247 taurinis
1190 3185 1329 3265 spatium

274 3411 304 3464 11
325 3410 422 3464 Matth.
443 3412 485 3473 23,
506 3412 539 3464 32
597 3412 628 3463 13
648 3410 719 3463 Esai.
740 3412 764 3472 3,
785 3412 801 3463 9
821 3429 860 3480 sq.
916 3412 951 3463 22
969 3411 1068 3464 Psalm.
1088 3409 1278 3465 cxxxxvssl
1298 3411 1331 3463 14

219 3536 235 3590 3
255 3536 390 3606 spiritalia
409 3536 436 3588 P
454 3536 481 3605 (a
501 3536 550 3588 alt.
571 3540 651 3600 errae.)
725 3536 742 3589 4
760 3535 881 3589 luxoriae
900 3536 958 3588 BV
974 3541 999 3588 et
1018 3539 1045 3603 (v
1064 3552 1085 3589 s.
1106 3534 1131 3602 ο)
1151 3535 1178 3587 Ρ
1253 3534 1270 3586 6
1289 3533 1330 3585 in-

185 3624 322 3695 tegritatis
342 3624 369 3675 Β
388 3626 422 3688 (is
442 3640 475 3677 ea
495 3624 533 3686 cs)
611 3624 626 3675 9
646 3624 749 3676 simeon
768 3624 796 3676 Β
817 3625 837 3689 (i
857 3641 889 3677 aa
909 3629 933 3687 e)
953 3624 998 3676 1³⁰
1072 3624 1174 3676 scribac
1193 3622 1221 3674 B
1240 3626 1282 3687 (ae
1300 3623 1330 3675 in

185 3722 249 3773 rae.)
334 3713 407 3766 leuui
426 3712 453 3763 B
474 3716 501 3779 (u
516 3730 561 3780 pr.
582 3717 664 3778 erue)
759 3714 791 3765 12
811 3712 952 3765 aduersum
975 3717 1031 3778 (urn
1051 3729 1083 3765 cx
1101 3712 1143 3779 us)
1163 3711 1219 3764 PT
1236 3709 1330 3763 arlucr-

185 3820 229 3855 sus
248 3802 319 3857 N‘D
384 3803 416 3855 13
436 3803 521 3855 eseias
541 3800 668 3853 Bisaias
687 3801 748 3854 PT*
822 3818 914 3855 eorum
936 3802 1108 3870 Tta'rrrua.)
1127 3800 1161 3853 P‘
1219 3800 1251 3853 15
1271 3800 1331 3851 alli-

185 3908 279 3960 gomus
298 3890 325 3943 B
344 3890 365 3959 (i
385 3908 417 3944 eas
437 3896 462 3956 e)
554 3876 599 3958 (pur
620 3903 650 3955 (a.
669 3889 683 3941 1
702 3890 775 3957 quia)
797 3890 826 3942 D
919 3892 951 3945 16
971 3891 1110 3961 apostolos
1130 3891 1156 3943 B
1177 3893 1217 3953 (os
1239 3904 1270 3942 aa
1288 3893 1330 3957 us)

220 3979 364 4033 saluatoris
383 3978 443 4032 ND
462 3978 605 4031 saluaturis
628 3978 660 4030 T‘
681 3981 707 4043 (a
727 3978 776 4033 ult.
796 3995 817 4033 a.
837 3995 864 4031 u.
883 3980 941 4049 rra-2)
1030 3980 1061 4031 18
1082 3979 1146 4047 quia
1167 3978 1194 4030 V
1210 3978 1230 4044 (i
1249 3980 1330 4039 erus.)

186 4087 239 4139 qua
256 4069 394 4131 muer,
414 4084 465 4121 om.
485 4067 528 4123 ul
606 4068 637 4121 21
661 4070 752 4119 auteur
772 4071 878 4120 taurum
898 4068 930 4124 bt*
949 4068 1052 4137 (autem
1071 4069 1122 4121 del.
1142 4071 1199 4133 rna)
1219 4066 1292 4121 WB
1308 4072 1333 4118 et

187 4164 286 4224 (autem
306 4156 436 4223 erust
488 4158 522 4210 22
543 4156 654 4209 uerbum
673 4156 743 4209 ΝἸ)
797 4158 831 4211 23
851 4172 960 4209 cornum
979 4158 1006 4209 B
1025 4174 1106 4209 cornu
1125 4163 1172 4210 cet.
1236 4156 1270 4209 25
1289 4154 1332 4208 lu·

186 4266 247 4301 nam
266 4247 294 4300 B
313 4252 350 4311 (m
370 4248 441 4314 cap.)
460 4246 492 4301 22
514 4251 551 4313 (m
570 4250 651 4312 crus.)
678 4245 794 4297 VP'DT
882 4247 935 4299 iam
955 4246 1074 4315 pleniore
1094 4246 1121 4299 P
1139 4250 1197 4310 (m2
1217 4261 1249 4298 em
1266 4248 1331 4297 tune

187 4336 300 4407 plenior)
322 4336 376 4389 01⁰

1263 4438 1294 4490 9*
