3100 4967
252 413 292 475 12
378 434 379 437 =
726 406 926 460 Ambrosii

199 605 238 667 12
295 603 390 668 Disce
423 602 649 679 humilitatem,
682 600 788 676 homo,
822 600 991 682 apostolici
1018 598 1085 663 uim
1114 615 1270 682 cognosce
1298 594 1397 678 magi·

253 710 352 775 sterii.
382 709 410 773 si
438 728 566 773 seruum
594 712 627 771 te
656 706 752 784 dieas,
781 708 915 773 libertus
945 726 996 771 es:
1022 704 1208 768 silibonem
1230 706 1263 766 te
1287 701 1397 775 laeter,

251 836 363 882 seruus
401 834 446 880 es.
483 834 556 879 nam
593 816 626 879 et
660 814 715 877 ille
754 814 808 897 qui
846 812 937 897 quasi
974 829 1087 875 seruus
1123 808 1307 891 redemptus
1349 813 1399 871 est

249 922 431 987 libertatem
460 921 555 986 habet
583 923 616 983 et
642 920 704 984 iste
733 920 788 1003 qui
817 919 908 1003 quasi
936 918 1017 983 liber
1044 918 1178 981 uocatus
1207 919 1258 979 est
1278 915 1399 978 bonum
1457 931 1477 984 Ι)

252 1032 301 1093 est
323 1028 371 1093 illi
395 1031 432 1093 ut
455 1048 587 1094 seruum
611 1029 730 1095 Christi
750 1048 785 1094 se
805 1048 875 1094 esse
895 1031 1075 1113 eognoscat,
1097 1026 1156 1091 suh
1177 1045 1239 1109 quo
1259 1026 1399 1091 seruitus
1429 1045 1442 1085 1
1529 1083 1530 1086 ,

249 1138 321 1201 tuta
349 1138 399 1201 ast
427 1140 459 1200 et
485 1136 616 1200 libertas
645 1156 766 1201 secura.
797 1136 868 1218 quis
898 1135 989 1218 quasi
1016 1133 1148 1198 idiotam
1176 1133 1313 1198 Paulum
1344 1133 1400 1196 uel

251 1244 282 1307 in
297 1244 367 1326 ipso
381 1244 449 1307 iure
469 1242 609 1307 adserit?
630 1242 726 1307 soiuit
746 1242 922 1307 discernere
940 1242 1024 1305 inter
1040 1240 1192 1305 libertum
1213 1242 1246 1304 et
1263 1240 1400 1304 liberum

251 1356 284 1416 et
296 1352 368 1415 ideo
384 1368 445 1413 non
460 1349 684 1431 perfunctorie,
699 1349 756 1413 sed
769 1350 894 1433 proprie
909 1348 1005 1412 dixit:
1024 1347 1091 1429 qui
1106 1346 1209 1411 enim
1224 1349 1399 1411 uocatus

252 1456 366 1521 estin
383 1456 541 1520 domino
557 1474 715 1533 seruus,
731 1454 912 1520 libertus
928 1453 1179 1528 estdomini;
1200 1452 1402 1518 similiter

252 1564 319 1646 qui
342 1563 447 1627 liber
469 1566 644 1627 uocatus
665 1565 730 1627 est
749 1580 895 1627 seruus
915 1565 979 1625 est
998 1561 1165 1626 Christi.
1185 1578 1295 1624 reuera
1314 1560 1399 1623 euim
1418 1578 1443 1617 ro
1529 1631 1530 1634 Ἴ

252 1690 361 1735 omnes
395 1668 513 1734 Christi
545 1668 653 1732 liberti
687 1688 809 1744 sumne,
843 1687 934 1731 nemo
967 1668 1064 1743 liber;
1099 1686 1208 1732 omnes
1246 1666 1330 1731 euim
1367 1667 1398 1730 in
1529 1659 1530 1662 '

252 1776 407 1840 seruitute
426 1775 576 1859 generati.
597 1775 673 1857 quid
689 1774 800 1840 seruili
814 1774 993 1839 condicioni
1008 1773 1227 1857 adrogantiam
1240 1773 1399 1837 libertatis
1456 1766 1477 1820 Ε
1529 1861 1530 1864 ¹

253 1882 422 1948 adsumis?
447 1882 522 1965 quid
545 1882 661 1948 titulos
684 1880 862 1947 nobilitatis
886 1900 1036 1964 usurpas,
1062 1880 1190 1944 seruilis
1213 1877 1400 1946 hereditas?

254 1989 358 2053 nescis
384 1990 468 2072 quod
487 1992 519 2053 te
536 1988 623 2053 Adae
643 1991 738 2072 atque
757 1988 845 2053 linae
865 1989 959 2071 eulpa
977 1987 1207 2069 mancipauerit
1226 1986 1400 2053 seruituti?

250 2095 353 2159 neseis
382 2095 467 2178 quod
494 2095 660 2161 redemerit
687 2098 719 2159 te
750 2094 908 2171 Christus,
938 2114 999 2157 non
1030 2092 1167 2159 emerit?
1194 2111 1268 2155 uon
1302 2111 1399 2156 auro
1419 2112 1442 2152 u

252 2204 290 2267 et
313 2204 483 2285 argento
506 2202 709 2284 redempti
734 2201 836 2265 estis
863 2200 908 2264 de
931 2219 1027 2263 uana
1049 2203 1178 2264 uestra
1202 2216 1401 2263 conuersa·

251 2309 363 2373 tione
386 2311 579 2391 pateruae
603 2307 856 2381 traditionis,
882 2306 953 2372 sed
979 2307 1169 2388 pretioso
1201 2306 1400 2389 sanguine
1529 2289 1530 2306 ἶ

251 2415 344 2500 agni
373 2416 488 2479 elamat
515 2415 679 2497 apostolus
708 2416 833 2479 Petrus.
869 2433 942 2497 ergo
967 2414 1150 2496 redemptus
1174 2432 1192 2477 a
1215 2412 1343 2477 domino
1367 2430 1400 2476 es

252 2526 284 2585 et
308 2540 420 2586 seruus
445 2541 478 2585 es
504 2521 557 2603 qui
582 2524 705 2585 oreatus
735 2540 779 2599 ee,
809 2539 921 2586 seruus
951 2540 984 2585 es
1013 2520 1068 2604 qui
1095 2521 1278 2602 redemptus
1306 2538 1340 2583 es
1369 2519 1401 2583 et

251 2626 342 2711 quasi
376 2628 502 2692 domino
541 2628 729 2691 seruitutem
769 2628 864 2692 debes
902 2631 935 2692 et
973 2628 1064 2709 quasi
1100 2625 1303 2708 redemptori.
1342 2643 1400 2689 nee
1418 2646 1443 2686 ro
1529 2637 1530 2640 ’

250 2735 428 2799 inferiorem
456 2736 551 2815 putes
579 2734 820 2798 libertinitatem
850 2734 908 2798 sub
939 2734 1064 2799 Christo
1094 2753 1189 2815 quam
1220 2732 1400 2797 libertatem
1457 2728 1477 2783 F
1529 2741 1530 2826 }

252 2860 332 2906 esse.
365 2840 406 2905 ad
437 2840 626 2924 dignitatem
655 2840 807 2923 aequalis,
836 2840 876 2905 ad
903 2842 1072 2905 tuitionem
1099 2840 1310 2922 praestantior
1340 2842 1399 2917 est,

251 2947 291 3010 ad
315 2947 449 3030 gratiam
473 2964 538 3029 par,
563 2945 717 3011 aduersus
742 2947 869 3029 lapsum
893 2946 1023 3022 cautior,
1045 2946 1198 3011 aduersus
1219 2945 1400 3028 superbiam

251 3053 373 3118 tectior.
407 3052 453 3117 ita
484 3052 664 3117 libertatem
694 3053 854 3136 accepisti,
883 3056 921 3117 ut
947 3052 1131 3117 meminisse
1158 3051 1399 3116 manumissoris

250 3160 300 3223 tui
324 3160 449 3237 debeas,
469 3163 507 3224 ut
529 3162 661 3241 patrono
685 3162 742 3224 tuo
761 3159 887 3224 noueris
907 3160 1089 3243 legitimum
1109 3159 1298 3241 obsequium
1317 3157 1400 3223 defe-
1417 3176 1442 3219 ss
1529 3197 1530 3244 t

343 3394 497 3449 151Petr.
520 3395 543 3457 1,
565 3395 597 3449 18
617 3412 656 3465 sq.

288 3518 403 3571 lhomo
421 3518 499 3571 Pml
517 3536 532 3571 o
552 3518 632 3571 homo
651 3518 778 3571 PmaA
797 3519 823 3587 (o
841 3518 874 3570 111
891 3534 947 3571 ros.
967 3518 1023 3583 m2)
1037 3524 1084 3570 eet.
1122 3517 1182 3569 tsi
1200 3516 1399 3571 Amant(

253 3608 287 3673 (si
306 3622 412 3660 seruum
432 3622 465 3660 ee
483 3609 600 3671 seruum)
626 3606 684 3666 VT.
704 3622 754 3659 om.
775 3612 822 3660 eet.
887 3604 1090 3662 (111111112Ρῖ1’
1109 3604 1279 3660 etenim
1330 3604 1398 3658 libe·

252 3712 310 3749 rum
331 3695 351 3761 (l
370 3712 403 3748 ea·
420 3694 449 3762 b)
468 3695 496 3748 P
544 3694 640 3763 liquis
658 3694 685 3745 A
706 3699 737 3759 (e.
757 3698 803 3746 m2
820 3695 834 3746 l
852 3693 911 3763 qni)
982 3694 1099 3747 idioturn
1119 3695 1146 3746 A
1166 3698 1197 3760 (a.
1218 3696 1266 3746 m2
1283 3694 1297 3746 l
1315 3695 1355 3760 tu)
1372 3692 1401 3745 P

253 3788 332 3849 (corr.
352 3786 408 3849 1112)
517 3784 532 3836 'l
552 3782 633 3836 sciuit
652 3782 722 3835 euim
741 3783 774 3838 ΤΡ
795 3783 916 3848 (enims.
935 3800 963 3835 11.
982 3786 1038 3849 1112)
1058 3782 1132 3838 91⁴⁴ss
1219 3782 1283 3835 ain
1302 3798 1354 3835 om.
1373 3780 1400 3833 P

254 3874 286 3926 13
306 3872 433 3925 assuenda
451 3871 479 3924 P
571 3870 708 3925 heredites
728 3872 752 3937 (l
769 3872 807 3924 tis
824 3888 846 3925 s.
866 3875 954 3937 11112)
974 3871 1002 3923 A
1019 3871 1156 3924 heredites
1177 3875 1217 3936 (as
1236 3887 1270 3924 eo:
1288 3871 1352 3935 atie)
1375 3868 1400 3922 Τ

254 3961 286 4014 15
305 3958 451 4012 redemerit
468 3962 494 4010 A
515 3959 539 4029 (e
560 3958 608 4013 aar.
629 3974 662 4011 eso
680 3960 688 4011 i
707 3961 765 4024 m2)
874 3976 929 4013 uon
949 3961 1043 4013 emerit
1063 3960 1114 4015 rtet.
1132 3963 1180 4013 m2
1197 3961 1235 4026 A,
1252 3960 1285 4011 in
1301 3976 1353 4028 mq.
1374 3956 1399 4010 Τ

254 4048 287 4101 16
306 4050 334 4101 et
353 4052 379 4099 A
400 4050 431 4113 (s.
451 4050 498 4099 m2
515 4047 529 4098 l
546 4048 573 4111 11)
589 4047 616 4099 Ρ
633 4064 686 4100 non
706 4052 752 4100 oet.
827 4046 982 4101 conditione
1002 4050 1064 4114 (om.
1083 4052 1212 4117 paternae
1230 4046 1397 4115 traditionis)

251 4136 290 4190 N¹
346 4136 378 4189 18
397 4154 413 4191 a
432 4122 486 4189 dno
504 4134 660 4205 redemptus
678 4136 799 4189 amar
862 4138 893 4191 19
913 4140 1000 4205 etpr.
1020 4136 1047 4189 A
1067 4137 1130 4203 (del.
1149 4141 1207 4203 1112)
1226 4137 1260 4201 Ρ,
1280 4153 1331 4191 om.
1351 4141 1396 4190 eet.

252 4225 287 4279 20
305 4224 451 4278 redemtori
469 4226 497 4278 P
577 4226 609 4279 21
629 4225 870 4279 libertatinitatem
894 4225 920 4277 V
936 4229 977 4290 (ta
991 4243 1036 4293 pr.
1056 4228 1128 4293 exp.)
1147 4226 1353 4280 libertinitatem
1375 4225 1400 4279 T

254 4320 281 4379 (a
299 4332 321 4369 s.
340 4331 366 4378 n,
385 4314 433 4367 sed
450 4318 530 4381 eras.)
550 4314 718 4368 liboretatern
733 4310 764 4367 'P
783 4317 909 4379 (aerem)
974 4316 1009 4368 25
1028 4318 1076 4368 tuo
1096 4315 1148 4369 det.
1166 4318 1214 4368 m2
1232 4316 1266 4378 A,
1284 4330 1306 4369 e.
1324 4330 1353 4369 u.
1375 4313 1399 4366 Τ
