3100 4967
246 420 310 495 570
718 428 917 484 Ambrosii

245 625 328 689 enim
363 643 423 688 non
457 642 607 707 personae
638 624 863 701 obtrectamus,
897 624 955 689 sed
987 624 1149 691 auaritiae.
1186 644 1244 690 uec
1279 625 1395 690 fefellit

245 731 361 797 dixisse
386 731 521 814 aliquos,
547 750 619 795 cum
643 733 715 795 aute
739 733 800 797 hoc
823 731 956 796 biduum
979 733 1135 797 tractatus
1157 736 1266 797 noster
1283 752 1392 798 eorum

245 838 489 921 coupuucrisset
515 837 680 902 affectum:
704 838 791 920 ‘qnid
819 836 879 902 sibi
907 838 1013 902 noluit
1040 838 1210 922 episcopus
1237 839 1393 905 aduersus

246 946 455 1009 faeneratores
497 945 642 1021 tractore,
685 946 775 1027 quasi
813 964 932 1009 nouum
970 944 1088 1027 aliquid
1127 946 1302 1011 admissum
1339 946 1393 1024 sit,

247 1050 338 1134 quasi
364 1050 398 1115 id
426 1068 486 1114 non
516 1049 612 1115 etiam
640 1051 819 1132 superiores
847 1051 990 1126 feceriut,
1020 1050 1110 1134 quasi
1137 1070 1198 1115 uon
1227 1054 1322 1116 rietus
1350 1051 1395 1116 sit
1424 1078 1438 1117 a

245 1158 438 1223 faenerare?
459 1178 570 1223 uerum
595 1161 645 1224 cst
665 1178 722 1223 uec
746 1178 805 1243 ego
830 1159 944 1237 abnuo,
963 1159 1021 1223 sed
1044 1161 1076 1223 et
1099 1159 1193 1242 culpe
1214 1161 1309 1223 uetus
1334 1163 1392 1223 est.
1461 1162 1480 1218 c

246 1264 381 1347 denique
404 1268 571 1348 peccatum
600 1266 639 1329 ab
662 1264 774 1343 Adam,
799 1285 834 1330 er
858 1265 914 1330 illo
938 1266 1042 1349 culpa,
1067 1285 1184 1348 exque
1209 1270 1242 1329 et
1259 1266 1338 1341 Eua,
1357 1286 1393 1329 ex

244 1371 300 1437 illo
324 1372 563 1455 praeuaricatio,
588 1391 625 1437 ex
648 1392 709 1455 quc
735 1376 768 1437 et
789 1372 928 1436 humane
952 1371 1105 1438 condicio.
1130 1372 1188 1437 sed
1210 1372 1282 1437 ideo
1307 1371 1394 1437 Chri-

247 1482 316 1545 stus
347 1479 485 1549 aduenit,
514 1481 551 1542 ut
578 1479 755 1544 inueterata
783 1479 933 1556 aboleret,
961 1498 1045 1543 nona
1072 1478 1229 1555 conderet,
1254 1482 1286 1543 et
1313 1498 1393 1561 quae

245 1585 479 1650 inueterauerat
507 1587 603 1669 culpe
624 1589 791 1651 renouaret
814 1586 924 1670 gratia,
949 1585 1020 1649 ideo
1045 1603 1078 1649 se
1101 1586 1242 1669 passioni
1266 1586 1393 1669 optulit,
1412 1612 1439 1651 ιο

247 1696 284 1756 ut
310 1697 477 1757 renouaret
504 1690 619 1775 spiritu
648 1694 680 1755 et
708 1691 887 1757 absolueret
916 1691 1092 1769 uniuersos,
1117 1691 1263 1757 diabolus
1286 1696 1393 1755 autem

248 1798 346 1862 lluam
377 1798 512 1880 decepit,
540 1801 578 1863 ut
605 1798 825 1881 subplantaret
851 1799 967 1876 uirum,
996 1798 1152 1883 obligaret
1174 1798 1393 1863 hereditatem.

195 1915 236 1978 89
248 1905 324 1988 quid
361 1906 570 1970 faeneratores
608 1906 749 1971 faciunt?
787 1906 950 1990 decipiunt
985 1906 1213 1983 defaeneratus,
1251 1904 1395 1989 obligant
1455 1909 1480 1962 D

247 2010 459 2078 fideiussores.
485 2011 540 2075 sed
564 2030 625 2077 uon
649 2012 763 2077 Tobiae
787 2011 903 2096 pignus
923 2012 1084 2095 quaesiuit
1102 2016 1158 2077 aut
1175 2012 1394 2076 fideiussorem

245 2119 402 2203 poposcit.
436 2118 624 2184 currendum
657 2122 707 2183 est
738 2119 846 2203 igitur,
871 2121 908 2182 ut
930 2118 1149 2184 fideiussorem
1176 2118 1329 2202 requiras,
1356 2120 1394 2182 ut
1412 2143 1438 2183 ns

246 2244 318 2289 euru
347 2226 412 2290 tuis
440 2224 621 2289 nominibus
651 2224 842 2311 obstringas.
872 2245 945 2291 ecce
972 2229 1101 2307 paretur
1127 2226 1207 2290 alter
1233 2224 1391 2289 iuimicus.

245 2352 316 2398 nem
346 2353 418 2398 cunr
446 2336 482 2397 tu
510 2352 572 2399 non
601 2332 750 2398 habueris
779 2332 863 2397 unde
892 2332 1034 2398 debitum
1060 2332 1178 2411 solues,
1201 2332 1257 2420 ille
1279 2350 1335 2413 pro
1358 2335 1392 2395 te

244 2440 413 2505 tenebitur.
438 2438 609 2505 iuuenieris
633 2438 663 2503 in
690 2458 726 2504 eo
752 2438 984 2505 circumuentor
1007 2444 1040 2504 et
1059 2440 1160 2517 falles,
1180 2439 1235 2523 qui
1255 2438 1393 2504 amicum

245 2546 416 2629 deceperis.
441 2545 494 2611 ille
519 2545 700 2624 nudabitur,
724 2545 780 2609 ille
803 2564 858 2627 pro
882 2548 914 2610 te
937 2545 969 2609 in
997 2546 1105 2611 uincla
1132 2545 1275 2621 ducetur,
1300 2545 1392 2609 illum

245 2654 421 2739 grauiorem
455 2655 629 2719 exactorem
662 2652 816 2717 creditore
839 2653 981 2735 patieris,
1010 2653 1064 2735 qui
1093 2652 1225 2736 alleget:
1249 2650 1392 2716 ‘stimula
1410 2678 1438 2716 ao

245 2760 347 2824 ciuem
372 2763 474 2835 tuum,
499 2778 591 2841 quem
616 2758 838 2841 spopondisti)
859 2759 905 2823 ita
926 2759 991 2837 fiet,
1015 2764 1053 2823 ut
1075 2760 1145 2841 ipse
1172 2778 1298 2841 quoque
1320 2777 1391 2823 esse
1458 2761 1482 2815 E

243 2866 376 2949 incipies
399 2866 543 2950 ingratus
568 2869 600 2929 et
622 2869 799 2947 praetereas
822 2865 903 2930 illud
927 2866 1012 2948 quod
1034 2866 1189 2948 scriptum
1213 2868 1276 2929 est:
1307 2883 1392 2949 gre-

244 2974 342 3037 tiam
381 2973 694 3054 repromissoris
733 2992 778 3037 ne
816 2972 1107 3048 obliuiscaris3
1142 2971 1257 3036 dedit
1288 2972 1390 3035 euim

333 3164 349 3217 9
368 3163 449 3223 Hebr.
469 3164 494 3227 8,
516 3165 549 3217 13
605 3163 635 3216 11
654 3164 823 3233 Augustinus
842 3166 937 3217 contre
954 3164 1005 3220 Iul.
1025 3162 1119 3231 Pelag.
1138 3163 1190 3225 13,
1208 3163 1240 3217 10
1256 3161 1392 3228 (diabolus

245 3252 489 3319 ...hereditateml
551 3253 584 3306 14
603 3250 669 3305 l'ob.
690 3253 714 3318 1,
735 3253 768 3305 14
789 3251 858 3319 (lig
877 3254 904 3316 4,
922 3253 958 3307 20
978 3254 1034 3322 (21)
1089 3252 1195 3309 assir.
1215 3252 1258 3313 29,
1280 3251 1313 3305 15
1333 3251 1391 3315 (20)

281 3378 293 3430 1
315 3377 387 3430 tellit
404 3376 461 3429 PD
479 3376 552 3431 fallit
573 3376 597 3429 0
666 3377 682 3429 2
703 3376 743 3439 sit
761 3376 867 3445 aliquos
890 3374 918 3428 V
990 3376 1007 3430 3
1027 3376 1229 3445 compunxisset
1251 3374 1396 3429 VDP‘TG

281 3466 379 3521 affectu
398 3466 426 3518 P
478 3466 670 3519 lammissum
690 3464 716 3518 V
768 3463 961 3519 9oboleritP
1015 3465 1051 3519 10
1068 3464 1169 3535 optulit
1183 3464 1211 3517 P
1227 3464 1330 3519 obtulit
1344 3470 1392 3519 ser.

246 3556 276 3609 11
297 3556 442 3609 renouaret
463 3554 489 3607 Τ
506 3557 546 3611 (et
563 3556 610 3607 mc
629 3569 662 3607 ex
680 3555 750 3620 etur)
770 3569 961 3607 renouaremur
985 3552 1203 3608 Vrenouaretur
1220 3557 1268 3607 cet.
1364 3554 1394 3604 et

243 3643 308 3697 DP‘
327 3646 358 3697 ut
376 3648 422 3697 cet.
515 3642 664 3696 absoluerit
682 3640 709 3693 P
800 3644 833 3696 12
856 3641 1045 3712 subplantat-et
1062 3642 1120 3695 PV
1136 3643 1326 3713 supplantaret
1344 3646 1392 3696 eet.

245 3732 278 3786 13
297 3731 401 3786 iaciant
413 3732 441 3784 Β
460 3731 565 3785 iaciunt
584 3732 841 3799 (uictoresne)
861 3732 886 3785 Τ
956 3730 1097 3801 decipiunt
1109 3733 1175 3787 DP'
1193 3732 1333 3801 decipient
1344 3736 1392 3784 cet.

280 3820 478 3889 defaeneratos]
498 3820 683 3875 foeneratores
696 3821 724 3873 B
742 3822 908 3889 feneratores
925 3821 951 3875 Τ
1005 3824 1038 3877 15
1057 3822 1229 3877 fidesinsscre
1244 3825 1268 3887 (s
1277 3837 1325 3889 pr.
1340 3819 1392 3874 det.

245 3915 269 3963 et
288 3916 302 3963 e
321 3926 355 3963 ec
373 3914 412 3979 es)
430 3908 458 3961 P
526 3910 558 3964 lc
579 3910 779 3979 adstringasO
844 3911 876 3963 17
895 3914 927 3964 tu
945 3927 998 3965 om.
1016 3910 1082 3964 DP‘
1147 3910 1181 3965 18
1197 3908 1346 3964 inuenietis
1369 3909 1398 3961 V

244 3998 373 4052 inueniris
393 4005 439 4053 cet.
508 3998 587 4053 fallas
605 3998 633 4051 P
649 3999 732 4052 fallax
751 4005 799 4053 cet.
868 3999 933 4069 quia
955 3999 982 4054 V
1035 3999 1067 4053 19
1087 3998 1220 4068 deciperis
1237 3998 1267 4051 P
1331 3997 1393 4051 uin·

246 4088 306 4142 cula
323 4088 445 4141 BDPY
490 4087 525 4141 20
545 4087 718 4142 creditores.
737 4088 809 4141 u.P
861 4088 964 4157 alleget
980 4089 1082 4157 scr-absi
1100 4088 1197 4158 allegit
1215 4087 1271 4140 PT
1287 4087 1396 4156 allegat

244 4177 307 4232 ΒΡ*
326 4177 411 4247 elegit
429 4178 455 4231 V
469 4177 567 4247 alliget
584 4178 608 4231 0
624 4177 752 4245 alligauit
766 4177 794 4229 Β
866 4178 992 4232 stimulat
1009 4181 1034 4246 (t
1053 4178 1101 4232 alt.
1117 4176 1181 4243 del.)
1196 4175 1224 4228 P
1240 4175 1351 4230 stimulo
1365 4175 1394 4228 Β

244 4273 270 4321 et
289 4272 316 4332 (o
335 4282 368 4321 ec
386 4266 518 4335 am3)l'
571 4267 601 4319 21
626 4270 717 4330 etuern
736 4267 773 4331 (ci
791 4282 813 4321 s.
833 4270 862 4332 et
879 4271 936 4334 m2)
961 4266 988 4321 V
1008 4271 1099 4321 antem
1119 4266 1205 4322 ciuem
1220 4266 1255 4320 Β
1330 4282 1397 4335 spo·

245 4354 428 4426 spondistiT
497 4355 550 4424 ipsi
569 4355 678 4408 PVBl'
732 4356 862 4410 2211111111
880 4355 909 4408 P
961 4357 995 4410 23
1014 4355 1185 4427 promissoris
1203 4354 1231 4407 Β
