3100 4967
251 423 315 487 548
723 418 923 473 Ambrosii

251 616 350 700 exige.
385 616 437 681 cui
465 616 577 681 merito
600 635 713 682 nocere
737 616 908 693 desideras,
933 616 985 680 cni
1007 616 1075 681 inre
1097 616 1275 681 inferuntur
1298 636 1397 695 arma·

251 723 325 787 huic
348 721 492 805 legitime
516 720 702 787 indicuntur
723 741 848 787 usurae.
877 740 971 804 qrrem
993 722 1077 787 bello
1101 741 1163 787 non
1187 725 1278 806 potes
1301 722 1395 788 facile

202 848 204 853 ·
250 830 400 908 uincere·
418 829 455 893 de
483 829 544 895 hoc
571 828 634 894 cito
668 834 699 893 te
732 832 824 911 potes
857 829 1031 895 centesima
1061 829 1232 896 uindicare.
1264 830 1303 894 ab
1335 830 1395 896 boo

250 955 380 1002 usuram
405 935 494 1020 exige
519 955 613 1018 quern
637 955 699 1000 non
724 938 767 1001 sit
791 937 907 1001 crimen
931 936 1085 1001 occidere.
1110 936 1177 1001 sine
1199 937 1282 1003 ferro
1306 937 1396 1002 dimi·
1449 946 1469 1001 Ε

252 1049 303 1111 cat
331 1044 385 1126 qni
413 1062 542 1108 ueneram
571 1044 705 1127 flagitat,
733 1044 801 1108 sine
830 1042 936 1127 gladio
965 1064 999 1109 se
1031 1044 1070 1109 de
1103 1043 1198 1109 hoste
1228 1044 1397 1110 ulciscitur
1422 1068 1433 1103 ⁵

251 1152 307 1234 qni
338 1150 434 1216 fuerit
465 1150 630 1216 usurarius
664 1152 789 1216 exactor·
815 1151 945 1216 inimici.
981 1170 1055 1235 ergo
1083 1151 1140 1216 nbi
1166 1152 1218 1217 ins
1241 1152 1329 1229 nelli,
1351 1153 1396 1216 ibi

252 1259 347 1323 etiem
380 1258 431 1323 ins
465 1276 590 1321 neniae.
624 1256 718 1323 frater
750 1260 857 1323 antem
890 1262 967 1323 tuns
1001 1258 1114 1336 omnis,
1148 1257 1221 1323 fidei
1246 1259 1395 1341 primurn,

252 1363 366 1430 deinde
388 1364 522 1429 Romani
546 1364 625 1428 iuris
650 1367 700 1429 est
729 1365 884 1447 populus:
915 1365 1085 1429 narrabo
1116 1384 1253 1430 nomen
1285 1368 1395 1430 tunm

252 1472 454 1536 fratribus
496 1471 606 1545 meis,
644 1470 682 1535 in
720 1471 853 1536 medio
893 1472 1100 1537 ecclesiae
1136 1472 1311 1538 landabo
1348 1477 1395 1537 te.

200 1584 241 1645 52
252 1577 387 1660 deniqne
410 1577 506 1643 etiam
530 1578 561 1642 in
586 1577 728 1642 Leuitico
752 1578 940 1661 praescribit
962 1578 1011 1643 lex
1035 1598 1165 1643 usuram
1184 1599 1202 1643 a
1218 1579 1318 1644 fratre
1335 1598 1395 1643 non
1413 1601 1436 1640 n

253 1703 322 1750 esse
346 1683 549 1767 poscendam.
582 1684 629 1749 sic
657 1685 741 1749 enim
770 1684 883 1749 habes:
918 1689 957 1749 et
989 1686 1107 1750 uiuet
1138 1685 1270 1751 frater
1301 1692 1395 1749 tuus

253 1796 393 1859 tecum.
425 1792 638 1875 pecuniam
671 1794 780 1857 tuam
813 1811 888 1857 non
922 1792 1038 1857 dabis
1067 1792 1137 1857 illi
1165 1791 1204 1856 in
1234 1812 1397 1857 usuram

253 1902 292 1963 et
325 1899 363 1963 in
397 1897 573 1982 amplius
606 1898 887 1982 recipiendum
922 1919 995 1964 non
1028 1899 1143 1963 dabis
1175 1899 1244 1963 illi
1282 1918 1396 1964 escas
1452 1907 1470 1960 F

252 2011 355 2071 tuas.
393 2004 582 2089 generaliter
617 2005 695 2070 haec
733 2004 889 2070 sententia
925 2005 976 2070 dei
1011 2024 1105 2070 omne
1136 2006 1233 2071 sortis
1264 2006 1399 2071 exclusit

253 2114 469 2196 angmentum.
507 2111 590 2176 unde
628 2115 660 2177 et
695 2111 801 2177 Dauid
838 2115 871 2177 et
907 2112 1111 2178 benedictum
1146 2113 1332 2178 aestimauit
1367 2115 1438 2176 etro

254 2218 385 2303 dignum
409 2218 603 2283 habitatione
627 2218 756 2283 caelesti
782 2219 837 2301 qni
863 2219 1031 2302 pecuniam
1059 2239 1121 2285 non
1150 2218 1238 2284 dedit
1264 2220 1295 2283 in
1324 2237 1398 2283 usu·

252 2345 330 2389 rann.
355 2325 382 2389 si
407 2345 481 2409 ergo
506 2325 645 2408 quinon
670 2325 759 2391 dedit
780 2325 978 2400 benedictus,
1003 2327 1070 2391 sine
1094 2326 1190 2391 dnbio
1209 2325 1398 2390 maledictas

253 2432 308 2514 qui
336 2432 375 2495 ad
403 2450 532 2497 usuram
562 2432 659 2497 dedit.
694 2451 750 2497 cur
780 2452 855 2517 ergo
883 2433 1139 2499 maledictionem
1165 2433 1273 2516 potins
1306 2432 1398 2515 eligis

254 2557 347 2621 qnam
393 2537 666 2603 benedictionem?
713 2539 850 2622 potestis
890 2538 1050 2604 benedicti
1086 2558 1167 2617 esse,
1209 2539 1237 2602 si
1278 2538 1398 2613 uelitis,

253 2645 388 2728 potestis
424 2645 502 2709 insti
539 2664 619 2710 esse.
657 2645 752 2711 horno
790 2646 874 2710 enirn
906 2647 1013 2710 iustus
1046 2645 1221 2711 secundum
1253 2644 1400 2709 Ezechiel
1416 2670 1440 2708 n

253 2752 308 2835 qui
331 2752 446 2837 pignus
472 2752 608 2817 debitori
630 2751 741 2817 reddet
764 2757 796 2817 et
818 2753 985 2835 pecuniam
1009 2772 1099 2817 suam
1124 2754 1156 2817 in
1180 2771 1310 2817 usuram
1337 2770 1398 2816 non

254 2857 342 2922 debit
383 2860 416 2922 et
456 2857 776 2941 superabundantiam
818 2877 879 2923 non
925 2858 1062 2943 accipiet
1098 2864 1130 2924 et
1166 2860 1205 2924 ab
1242 2858 1399 2923 iniustitia
1439 2868 1512 2923 enen

253 2968 377 3030 auertet
390 2984 518 3029 manum
539 2984 639 3029 snam.
664 2966 803 3031 iustus
827 2970 891 3032 est
913 2967 1010 3043 iste;
1035 2967 1123 3031 nita
1145 2966 1250 3050 inquit
1271 2964 1397 3040 uiuet,

342 3151 476 3206 8Psainr.
497 3150 560 3205 XXI
579 3151 613 3205 23
670 3152 699 3205 ll
721 3150 810 3206 Lenit.
829 3152 873 3216 25,
893 3153 927 3207 36
947 3157 975 3205 et
993 3154 1027 3207 37
1084 3153 1399 3210 15Psarm.xl1111et

254 3242 350 3294 dssas.
372 3240 546 3310 accedo?
568 3240 600 3309 O)
655 3240 989 3303 aonzeen.18,ret8
1043 3240 1078 3295 23
1095 3241 1194 3296 Erech.
1214 3242 1293 3310 18,9

289 3346 477 3401 tindionntnr
489 3346 544 3401 BT
557 3346 710 3401 inferuntur
729 3346 752 3401 0
768 3346 925 3401 indicentur
939 3354 986 3402 eet.
1041 3349 1106 3417 non]
1123 3348 1187 3402 siB
1223 3348 1403 3403 3deom.V

289 3436 430 3490 centisima
447 3436 474 3489 P
492 3437 657 3491 centensima
681 3436 707 3487 V
766 3440 784 3490 4
803 3437 861 3491 eine
885 3436 935 3491 VO
952 3438 974 3491 si
994 3450 1097 3491 meeum
1119 3444 1166 3491 oet.
1231 3440 1247 3491 5
1268 3438 1302 3492 de
1320 3438 1399 3492 hoste

254 3542 283 3579 rc
302 3525 329 3579 Β
396 3526 460 3579 det
479 3528 585 3579 erector
604 3526 668 3579 DF·
741 3526 819 3578 dina
840 3526 920 3579 etiam
941 3526 998 3579 BT
1081 3525 1144 3581 fidei
1163 3527 1185 3594 (i
1204 3528 1252 3581 alt.
1271 3531 1355 3595 erae.)
1374 3528 1400 3580 B

255 3614 355 3669 Sinris
375 3614 409 3681 (is
429 3630 461 3667 en
481 3616 519 3683 es)
538 3614 566 3665 P
646 3613 680 3668 10
698 3614 874 3683 praescripsit
891 3614 955 3667 ΒΡ
1038 3616 1071 3668 12
1089 3614 1131 3667 illi
1149 3631 1200 3671 om.
1220 3615 1247 3669 B
1321 3616 1354 3671 13
1372 3616 1398 3669 in

255 3721 305 3757 one.
325 3703 353 3757 B
425 3709 490 3757 orate
508 3702 692 3771 recipiendum
713 3702 780 3759 add.
799 3719 852 3755 non
867 3703 949 3757 PBT
1020 3702 1075 3756 illis
1089 3704 1171 3757 PVB
1189 3710 1215 3758 et
1233 3706 1258 3770 (s
1276 3704 1402 3779 eresbdf

257 3792 289 3845 15
313 3796 340 3845 et
364 3790 446 3845 dauid
466 3796 495 3845 et
511 3790 546 3844 P‘
566 3790 669 3855 (subto
688 3792 716 3845 et
735 3790 784 3844 ott.
801 3792 921 3861 ereptio
941 3793 1110 3862 redemptum
1127 3799 1159 3846 ut
1176 3792 1290 3848 addetur
1305 3795 1357 3858 sit)
1378 3793 1401 3846 0

256 3884 284 3933 et
302 3880 378 3935 danit
398 3881 436 3934 eit
460 3880 484 3934 V
502 3880 554 3946 (ait
572 3880 642 3949 emp.)
661 3880 716 3934 ΡΙ)
736 3878 820 3933 dauid
838 3880 879 3934 ait
901 3880 927 3933 Τ
947 3882 987 3935 nit
1006 3880 1087 3934 dauid
1107 3882 1135 3935 Β
1198 3883 1353 3937 exstirnanit
1370 3883 1400 3937 D

258 3970 289 4023 16
309 3971 450 4039 pecuniam
469 3986 544 4023 suam
568 3968 594 4022 V
647 3969 680 4023 18
700 3967 776 4022 dedit
796 3969 829 4022 ed
849 3986 956 4024 usuram
975 3970 1033 4023 BT
1094 3972 1179 4041 elegis
1197 3970 1224 4024 P
1277 3972 1311 4025 20
1328 3972 1397 4025 ieze-

256 4060 345 4113 chibel
363 4058 390 4111 B
409 4058 537 4113 iezechiel
556 4058 619 4112 DP‘
626 4057 650 4111 Τ
685 4058 716 4111 21
739 4058 870 4113 debitoris
891 4058 947 4114 PV
963 4058 1099 4114 debitores
1117 4061 1138 4129 (i
1155 4064 1203 4115 aa2
1220 4076 1242 4114 e.
1261 4077 1276 4114 e
1296 4061 1357 4122 ott.)
1377 4060 1401 4111 t'

290 4146 440 4201 reddiderit
458 4147 522 4201 DP'
542 4146 632 4200 reddit
653 4146 677 4199 0
748 4147 785 4216 et]
806 4148 853 4216 qni
874 4153 905 4213 (e.
925 4152 963 4216 et)
989 4148 1014 4201 V
1065 4150 1100 4202 22
1119 4148 1398 4219 dederit...accepe-

254 4237 290 4289 rit
310 4236 400 4290 DP‘C
452 4236 589 4290 iniustitia
606 4236 634 4289 P
669 4236 702 4291 23
723 4237 825 4290 auertit
848 4236 898 4287 Vc
915 4238 1046 4291 auerterit
1064 4238 1129 4291 DP‘
1182 4256 1278 4293 manns
1296 4238 1399 4292 snssB

292 4326 343 4377 inte
363 4328 405 4378 est
425 4323 481 4377 BT
551 4324 609 4377 nita
628 4324 705 4377 ninet
723 4324 815 4393 inquit
836 4325 860 4377 C
