3100 4967
227 438 293 501 256
705 432 902 485 Ambrosii

228 632 348 695 donec
362 628 562 710 plenitudo
578 628 747 711 gentium
763 628 924 692 intraret
939 630 977 691 et
995 627 1049 691 sic
1070 627 1191 691 omnis
1210 627 1377 691 Istrahel

231 737 363 801 saluus
400 736 523 800 fieret.
562 734 618 799 sed
655 734 730 817 quia
762 733 951 817 mysterium
984 734 1151 817 oportebat
1182 734 1309 817 impleri
1341 738 1379 798 ut

228 842 433 907 concluderet
461 843 539 906 deus
569 842 674 905 omnia
700 842 733 904 in
761 840 995 917 incredulitate,
1029 840 1061 904 id
1094 843 1144 905 est
1176 842 1379 925 redargueret

229 952 325 1032 atque
358 950 562 1014 conuinceret
594 984 636 995 -
671 967 743 1012 cum
777 947 860 1011 enim
894 947 956 1011 duo
991 947 1195 1025 contendunt,
1229 948 1257 1012 si
1293 968 1376 1015 unus
1439 950 1461 1004 F

229 1057 375 1138 superior·
398 1057 451 1133 sit,
477 1056 613 1120 dicitur:
639 1054 799 1119 conclusit
820 1054 913 1118 illum
937 1055 1073 1119 alterurn
1096 1091 1141 1099 —
1165 1054 1301 1137 ideoque
1323 1074 1379 1136 per
1408 1078 1421 1115 s

229 1182 321 1228 suam
345 1161 605 1237 misericordiam,
630 1164 666 1225 ut
689 1160 839 1225 subditus
857 1160 948 1225 tieret
967 1162 1025 1226 deo
1044 1161 1195 1238 mundus,
1213 1180 1379 1245 regressus

228 1274 282 1333 est
313 1269 441 1351 quidem
472 1268 611 1351 populus
640 1269 672 1332 in
695 1268 877 1345 heredibus,
907 1268 1004 1340 (sed)
1032 1268 1094 1333 seri
1118 1268 1248 1333 sceleris
1276 1288 1379 1333 errore

230 1376 398 1440 traductus
418 1379 477 1453 est,
493 1378 530 1439 ut
545 1376 639 1439 deum
655 1394 716 1440 non
733 1374 875 1439 crederet
890 1375 1088 1439 occultorum
1105 1394 1175 1439 esse
1190 1376 1379 1457 praescium.

232 1482 289 1547 sod
322 1482 470 1548 dominus
502 1482 568 1547 illis
597 1485 634 1546 ut
662 1482 851 1564 quandoque
879 1482 1083 1559 redimantur,
1113 1482 1227 1546 salutis
1256 1482 1380 1548 futurae

233 1589 368 1673 gratiam
392 1588 572 1653 reseruauit
600 1588 727 1653 dicens:
755 1588 840 1652 ideo
869 1590 1088 1653 reuertatur
1114 1588 1186 1651 huc
1212 1589 1380 1671 populus
1401 1612 1426 1651 io

232 1714 347 1760 meus.
387 1695 463 1777 quid
500 1699 550 1759 est
585 1694 682 1761 huc?
719 1694 751 1757 id
789 1699 840 1758 est
876 1694 915 1757 ad
953 1714 1012 1772 me,
1050 1695 1089 1758 ad
1122 1695 1314 1776 aequitatem
1349 1701 1382 1760 et

182 1800 390 1867 131ustitiam
414 1820 530 1880 meam,
555 1801 594 1865 ad
619 1802 741 1866 cultum
766 1822 885 1865 meum.
910 1805 947 1866 et
969 1802 1148 1884 implebit
1172 1802 1252 1865 dies
1277 1804 1380 1867 uitae

233 1928 334 1973 suae.
359 1909 444 1991 quod
467 1910 578 1991 utique
598 1908 644 1973 sic
664 1908 812 1989 accipies,
833 1912 869 1973 ut
886 1908 1026 1989 populus
1046 1908 1174 1991 quidem
1193 1891 1379 1987 redimatur,
1426 1926 1508 1979 tota

234 2016 288 2098 qui
308 2014 488 2080 crediderit.
507 2014 539 2079 in
559 2034 620 2097 quo
641 2015 702 2079 etsi
721 2034 783 2078 non
803 2014 999 2079 redimantur
1017 2016 1072 2096 qui
1090 2034 1152 2079 non
1168 2015 1379 2093 crediderunt,

181 2122 339 2187 litamen
361 2122 538 2203 redemptio
563 2121 672 2203 populi
697 2122 748 2185 dei
770 2122 993 2205 praerogatiua
1012 2120 1160 2187 defertur.
1180 2122 1236 2186 isti
1254 2141 1329 2207 ergo
1349 2124 1382 2186 in
1401 2144 1426 2183 rs

235 2247 336 2293 errore
365 2228 464 2310 positi
493 2228 655 2292 dixerunt:
686 2228 871 2310 quomodo
899 2228 1018 2292 sciuit
1046 2228 1163 2292 densa
1193 2232 1230 2293 et
1258 2229 1290 2293 si
1323 2232 1382 2293 est

235 2334 399 2399 scientia
432 2335 552 2399 omnis
585 2335 621 2398 in
654 2334 875 2399 altissimo?
908 2337 1022 2416 putant
1049 2335 1133 2397 enim
1160 2354 1221 2399 non
1250 2353 1321 2399 esse
1348 2335 1381 2399 iu

235 2441 294 2505 deo
314 2442 491 2517 scientiam,
513 2442 587 2523 quia
604 2444 788 2523 peccatores
803 2441 965 2505 abundant
978 2442 1137 2524 prosperis
1153 2441 1381 2507 saecularibus.

234 2550 268 2611 et
291 2546 394 2611 adhuc
423 2547 547 2611 inducit
576 2566 630 2611 eos
658 2549 845 2630 loquentes:
874 2566 963 2612 ecce
991 2548 1067 2630 ipsi
1095 2551 1317 2631 peccatores
1345 2553 1383 2613 et

233 2653 473 2717 abundantes
500 2654 537 2718 in
568 2655 763 2718 saeculum
798 2654 1044 2737 optinuerunt
1077 2654 1248 2719 diuitias.
1281 2654 1428 2719 hebesco

235 2760 296 2823 hoc
315 2760 346 2822 in
368 2760 532 2843 euangelio
550 2760 678 2842 planius
698 2778 892 2843 expressum,
911 2759 968 2823 ubi
987 2759 1095 2824 Simon
1114 2760 1169 2824 ille
1192 2759 1383 2824 Pharisaeus
1445 2772 1466 2825 Β

237 2865 350 2929 uidens
379 2866 463 2947 quod
491 2865 606 2930 mulier
632 2866 689 2929 illa
717 2866 874 2947 peccatrix
901 2864 991 2930 uenit
1021 2865 1053 2929 in
1086 2866 1217 2929 domum
1248 2865 1318 2929 eius
1352 2868 1385 2929 et

235 2992 332 3054 super
354 2972 451 3055 pedes
477 2972 595 3038 Christi
619 2972 732 3037 effudit
754 2976 953 3059 unguentum
977 2972 1103 3037 dicebat
1129 2974 1213 3037 intra
1240 2990 1293 3039 se:
1322 2972 1384 3037 hic

238 3079 270 3143 si
294 3082 398 3144 esset
420 3079 613 3161 propheta,
635 3078 752 3143 sciret
771 3081 902 3162 utique
923 3099 1016 3162 quae
1035 3082 1073 3143 st
1093 3080 1217 3162 qualis
1235 3079 1382 3155 mulier,

237 3204 331 3267 quae
359 3185 487 3269 tangit
514 3204 606 3264 eum,
636 3186 722 3268 quia
748 3188 942 3269 peccatrix
970 3189 1039 3251 cst.
1067 3186 1125 3251 sed
1152 3185 1305 3267 patientia
1333 3184 1384 3249 dei
1402 3206 1428 3245 es

237 3310 299 3355 non
332 3292 530 3374 praeiudicat
561 3292 690 3356 ueritati
723 3294 755 3357 et
786 3292 994 3375 praescientia
1022 3292 1091 3355 eius
1121 3310 1157 3355 ac
1184 3291 1385 3375 prouidentia

328 3500 440 3553 2Rom.
457 3500 498 3562 11,
515 3500 549 3554 32
604 3500 825 3568 sueglacs
873 3500 906 3553 10
923 3499 1024 3555 Psalm.
1039 3498 1140 3552 LXXII
1156 3499 1188 3552 10
1236 3500 1269 3553 12
1283 3499 1383 3553 Psalm.

239 3587 340 3640 LXXII
356 3588 388 3641 10
445 3590 477 3644 16
496 3589 595 3643 Psalm.
610 3586 709 3642 LXXII
725 3590 756 3641 11
815 3589 847 3642 19
866 3587 1078 3642 Psalmnxxu
1094 3588 1126 3642 12
1182 3587 1216 3641 23
1230 3587 1295 3644 Luc.
1311 3588 1336 3651 7,
1350 3589 1385 3643 39

276 3730 516 3785 bmisericortiam
534 3731 562 3784 P
617 3733 695 3785 lest
712 3748 763 3785 orn.
784 3730 848 3785 DP‘
921 3730 1036 3800 populos
1055 3730 1082 3782 P
1153 3729 1201 3783 sed
1219 3730 1322 3783 addidi
1339 3730 1388 3784 sed

238 3819 263 3871 is
283 3818 362 3871 celeri
382 3836 432 3872 scr.
455 3820 593 3873 Ouolerios
665 3821 718 3874 seri
731 3820 786 3874 PC
799 3820 865 3873 seris
876 3820 905 3873 B
918 3836 966 3873 seu
980 3819 1065 3873 Daui
1079 3818 1114 3871 P‘
1187 3817 1283 3871 coelem
1296 3818 1387 3872 PDP‘

240 3906 394 3961 Straditus
412 3908 478 3961 DP¹
559 3912 591 3962 ut
611 3909 635 3963 0
652 3912 680 3962 et
698 3916 745 3963 cet.
817 3910 850 3962 10
868 3908 984 3978 ideoque
1002 3907 1067 3962 DP‘
1149 3908 1321 3960 reuertentur
1338 3906 1391 3961 PG

241 4000 396 4051 reuertatur
412 3996 477 4051 DP¹
533 4000 565 4051 11
587 4000 625 4066 et]
645 3998 678 4051 ad
698 3998 725 4050 B
782 3997 815 4051 12
832 4013 923 4051 meum
942 4013 993 4052 om.
1007 3996 1035 4049 B
1106 3995 1233 4065 implebit
1251 3996 1293 4050 ed.
1306 3996 1387 4051 Rom.

241 4085 367 4156 impleuit
385 4086 451 4140 libri
519 4088 553 4139 14
572 4086 717 4139 crediderit
735 4087 764 4139 in
784 4104 815 4140 eo
835 4090 899 4155 (om.
918 4087 946 4138 in
965 4090 1029 4154 quo)
1050 4084 1115 4137 DP‘
1185 4086 1217 4139 15
1237 4084 1388 4155 redemptio

237 4176 340 4244 serpsi
357 4174 491 4245 redempti
510 4175 537 4228 P
555 4178 583 4245 (p
601 4192 623 4230 e.
642 4180 681 4243 a.)
702 4180 749 4230 eet.
836 4192 900 4244 ergo
919 4174 947 4227 P
964 4178 988 4240 (r
1006 4191 1039 4228 aa
1057 4175 1082 4243 c)
1159 4174 1192 4228 16
1212 4173 1295 4227 sciuit
1311 4174 1340 4228 P
1357 4178 1389 4236 (a.

241 4281 259 4317 u
277 4264 345 4333 rae.)
365 4264 417 4317 scit
435 4264 463 4316 B
509 4266 541 4319 19
561 4267 590 4317 et
608 4282 659 4318 om.
677 4264 705 4317 B
750 4264 786 4318 20
805 4264 863 4318 solo
882 4264 910 4316 B
956 4264 988 4317 21
1009 4263 1117 4333 plenius
1134 4262 1162 4315 B
1216 4261 1392 4317 ferimusP

241 4353 277 4406 24
296 4352 384 4423 qualis
404 4356 478 4407 esset
491 4352 519 4407 B
537 4354 626 4423 qualis
645 4356 687 4407 est
705 4353 769 4409 P‘G
821 4355 856 4406 25
875 4352 1010 4422 peccatrix
1028 4352 1056 4405 P
1075 4352 1096 4420 (i
1112 4368 1134 4405 s.
1152 4352 1192 4420 c.)
