3100 4967
372 465 414 519 De
431 463 513 519 Iacob
532 464 546 519 1
565 464 590 519 3.
609 464 635 527 4,
656 462 761 517 12-14
799 462 824 529 (Ι
841 464 895 518 448
914 464 1029 519 D-449
1046 466 1093 531 D).
1262 471 1303 539 13

152 661 295 737 rendum,
325 680 363 725 ue
399 660 436 724 ab
470 659 593 743 ingrato
626 661 793 723 reuocetur
823 659 965 727 libertas.
998 662 1076 743 quid
1102 664 1133 725 te
1166 663 1302 745 beatius,

154 769 207 851 qui
231 769 291 833 sub
317 767 443 833 domino
467 784 579 863 regnas
605 768 636 831 et
660 766 719 830 sub
744 771 874 848 patrono
898 767 1040 833 militas?

41 879 111 960 1,13
197 874 285 953 Quin
317 877 421 939 autem
456 875 506 937 est
540 872 625 954 quod
658 873 717 938 tibi
744 892 806 937 non
834 874 970 939 contulit
997 875 1164 940 dominus?
1197 877 1402 960 regeneror

153 982 250 1061 dedit,
276 980 437 1045 adiuuerit
465 979 608 1064 gratiam.
642 979 691 1045 lor
715 980 798 1045 enirn
822 985 985 1063 peccatum
1012 982 1221 1063 denuntiauit,
1246 984 1303 1049 aed

123 1090 183 1152 nin
217 1088 402 1153 condicione
434 1086 556 1151 lubrice
587 1088 714 1171 penitus
749 1087 894 1152 cohibere
926 1107 988 1153 nou
1020 1089 1135 1171 potuit.
1168 1091 1354 1175 cognouiB

153 1195 235 1260 enim
259 1198 426 1277 peccatum
449 1194 535 1276 quod
557 1193 746 1271 nesciebam
772 1194 907 1277 cognoui
926 1196 1215 1278 concupiscentiam
1233 1216 1303 1261 esse

152 1306 331 1385 peecatum,
356 1304 388 1365 et
411 1301 469 1365 hac
493 1300 658 1365 occasione
682 1300 874 1383 cognitionis
897 1302 1017 1384 peccati
1042 1322 1114 1367 eera
1141 1304 1304 1368 cumulata

153 1411 237 1487 sunt,
254 1408 330 1490 quia
347 1411 523 1491 peecatum,
540 1407 624 1489 quod
643 1410 715 1471 ante
729 1426 786 1490 per
799 1408 1010 1491 ignorantiam
1023 1429 1127 1473 meam
1142 1414 1303 1474 mortuum

152 1516 333 1593 uidebatur,
352 1514 385 1579 in
403 1532 454 1579 me
477 1514 605 1579 reuixit:
631 1532 689 1597 ego
714 1517 821 1578 autem
845 1518 992 1581 mortuus
1013 1536 1084 1581 snm
1104 1517 1162 1581 snb
1182 1518 1304 1600 peccati

113 1646 135 1684 10
153 1624 295 1702 uulnere,
320 1622 395 1704 quia
418 1620 557 1704 cognitio
582 1620 704 1703 culpae,
730 1640 810 1701 quae
832 1621 911 1685 mihi
935 1622 1100 1704 profutura
1125 1623 1301 1694 uidebatur,

152 1730 229 1793 haec
263 1728 383 1803 nocuit,
408 1731 445 1793 ut
472 1728 586 1793 scirem
614 1728 699 1809 quod
729 1728 829 1792 uitare
861 1747 922 1793 non
950 1728 1104 1811 poteram.
1137 1733 1301 1813 peecatum

153 1836 236 1900 enim
259 1834 401 1918 prodidit
424 1836 456 1897 et
478 1852 534 1916 pcr
556 1834 675 1898 bonnm
695 1834 944 1899 denuntiationis
963 1855 1040 1899 suae
1059 1837 1181 1919 peccati
1199 1837 1302 1920 ipsius

153 1941 317 2007 aceruauit
338 1940 502 2005 inuidiam.
525 1940 634 2023 itaque
658 1960 754 2022 supra
778 1941 907 2006 modum
925 1940 1046 2006 factum
1067 1948 1117 2007 est
1133 1949 1302 2026 peccatum
1330 1950 1350 2005 C

152 2049 241 2125 mihi,
268 2048 344 2131 quia
362 2048 559 2112 cumulatum
579 2051 629 2111 est
648 2046 885 2112 denuntiatione
904 2048 1059 2123 mandati;
1084 2050 1200 2115 crescit
1218 2051 1302 2115 euim

113 2158 257 2240 sculpe,
301 2174 374 2219 cum
414 2155 559 2237 proditur
599 2172 657 2219 nec
695 2157 835 2219 cauetur.
878 2154 1035 2235 quomodo
1074 2175 1146 2240 ergo
1184 2157 1302 2221 bonum

152 2264 348 2341 mandatum,
373 2262 457 2344 quod
480 2260 560 2325 mihi
583 2280 667 2325 mors
692 2264 762 2325 est?
796 2265 852 2325 aut
884 2262 1041 2343 quomodo
1065 2282 1126 2327 nou
1151 2267 1201 2327 est
1224 2264 1302 2327 mihi

152 2390 248 2448 more,
274 2367 359 2452 quod
386 2388 443 2450 per
464 2368 583 2433 bonum
621 2366 865 2450 significationis
903 2388 980 2432 suae
1021 2369 1302 2435 demonstrandum

152 2480 320 2560 peccatum
345 2464 582 2557 operetum'est
605 2474 636 2537 in
660 2493 711 2538 me
734 2478 892 2540 mortem?
916 2495 989 2539 nam
1010 2481 1132 2540 certum
1152 2479 1304 2560 estquod

153 2603 237 2649 mors
262 2583 341 2648 mihi
366 2583 511 2658 accessit,
537 2580 612 2645 dum
637 2581 721 2664 quod
744 2580 826 2647 facio
851 2601 989 2665 agnosco
1018 2586 1194 2666 peccatum,
1219 2584 1304 2649 sicut

113 2692 222 2775 reipsa
247 2690 396 2755 dominus
425 2690 484 2754 ait:
518 2688 549 2752 si
578 2708 645 2753 non
674 2688 864 2752 uenissem
895 2692 931 2752 at
957 2690 1112 2755 locutus
1140 2690 1302 2754 fuissem

76 2792 113 2857 14
153 2798 222 2875 irie,
256 2798 454 2881 peccatum
486 2812 555 2859 non
588 2794 780 2860 haberent.
815 2794 1044 2877 quidmiraris
1071 2796 1171 2878 igitur
1198 2796 1225 2859 si
1252 2796 1302 2859 lex
1330 2804 1353 2857 Ι)

155 2902 343 2987 quibusdam
360 2902 455 2967 morti
469 2902 523 2979 sit,
534 2921 607 2965 cum
621 2899 716 2966 morti
732 2901 774 2965 sit
789 2905 821 2966 et
836 2900 955 2965 domini
971 2901 1119 2967 salutaris
1133 2901 1301 2975 aduentus,

153 3030 206 3094 per
230 3028 327 3093 quem
349 3007 507 3089 redempti
526 3012 659 3072 sumus?
682 3006 821 3072 infidelis
838 3008 925 3095 enim
943 3012 1079 3073 mortem
1098 3008 1160 3114 sibi
1179 3009 1302 3091 quaerit

241 3160 258 3214 6
277 3158 353 3211 Rom.
373 3158 398 3221 7,
418 3156 433 3209 7
488 3156 524 3210 20
542 3154 600 3211 Ioh.
622 3156 663 3211 15.
683 3156 718 3209 ‘22

185 3282 324 3352 2qui÷A
344 3284 373 3347 (a
392 3284 473 3345 erae.)
530 3278 631 3333 milites
651 3279 678 3332 P
697 3282 736 3344 (as
755 3282 803 3331 m2
822 3296 855 3332 ecc
873 3282 912 3345 es)
952 3278 1083 3333 4dedita
1100 3279 1204 3333 iuncxit
1222 3281 1300 3332 Ami

151 3370 228 3425 dedit
250 3371 353 3425 inuexit
377 3374 408 3435 (a.
427 3372 568 3439 peccatum
589 3367 665 3421 dedit
684 3366 729 3433 ad)
750 3368 834 3420 Am2
853 3366 929 3421 dedit
948 3367 1070 3421 adiunxit
1090 3368 1240 3429 (adiuuerit
1264 3368 1298 3434 V)

150 3460 243 3515 PVN.
256 3466 323 3529 poet
341 3458 417 3513 dedit
436 3456 501 3512 add.
522 3456 590 3512 liber
607 3474 627 3510 e.
647 3457 744 3509 Marci
765 3460 820 3511 510
836 3460 979 3526 peecatum
998 3461 1029 3523 (a.
1047 3460 1095 3510 m2
1113 3460 1297 3528 praeceptum)

151 3549 234 3614 dedit,
258 3548 283 3602 Τ
299 3552 440 3618 peccatum
459 3546 569 3601 deleuit.
588 3548 620 3599 a'aa
633 3546 663 3600 D
680 3544 767 3600 uerbo
785 3548 927 3615 peccatum
947 3544 1024 3599 dedit
1040 3546 1165 3599 adiunxit
1182 3546 1299 3614 gratiam

148 3638 254 3707 scripta
272 3643 339 3691 aaut
355 3637 388 3690 a'n
404 3652 461 3690 roe.
480 3634 625 3689 amborum
640 3634 764 3689 adiunxit
778 3635 904 3703 gratiam.
919 3634 962 3688 lex
974 3636 1046 3688 enim
1064 3640 1090 3689 et
1107 3635 1139 3687 in
1157 3652 1208 3704 mp.
1229 3636 1296 3688 add·

149 3727 190 3781 lex
209 3726 282 3780 enim
345 3725 417 3779 enirn
437 3740 488 3778 om.
506 3722 545 3777 N‘
588 3724 604 3777 6
624 3740 683 3777 esse
695 3764 701 3776 .
714 3766 719 3776 .
732 3766 737 3776 .
749 3722 814 3792 quia
831 3726 973 3792 peceatum
992 3739 1044 3777 om,
1069 3723 1132 3786 VN,
1150 3724 1183 3775 in
1200 3742 1251 3795 mg.
1274 3724 1300 3777 Τ

150 3816 248 3869 'Iaera
265 3815 293 3868 A
313 3818 340 3881 (a
352 3830 398 3883 pr.
418 3818 444 3867 et
463 3812 513 3866 aii.
528 3812 636 3881 partim
655 3816 736 3878 erae.)
757 3828 821 3874 nera
838 3811 866 3864 P
944 3811 1081 3865 comulata
1099 3812 1126 3865 A
1188 3812 1205 3866 8
1225 3811 1297 3881 quod

147 3919 169 3957 e.
182 3919 211 3957 re.
226 3905 274 3956 ma
286 3902 342 3955 AP
355 3902 383 3955 et
400 3899 473 3972 quod
489 3899 515 3954 T
532 3904 571 3967 (et
585 3901 648 3966 del.)
713 3899 811 3969 meam]
826 3899 855 3953 in
868 3916 910 3953 rue
926 3906 988 3967 (orn.
1002 3906 1102 3968 postea
1115 3900 1143 3953 in
1157 3904 1211 3966 mo)
1226 3901 1299 3957 WE

147 3992 165 4045 9
183 3992 234 4046 sub
254 3991 306 4045 del.
325 3995 372 4047 m2
390 3992 426 4055 A,
444 4008 465 4046 a.
485 4006 512 4043 u.
536 3989 567 4055 Τ,
588 4006 638 4047 om.
663 3989 720 4043 VN
768 3990 802 4042 13
815 3989 955 4043 acerbauit
968 3989 996 4041 P
1014 3993 1042 4055 (v
1054 4006 1076 4043 a,
1091 3989 1108 4043 b
1122 3992 1180 4057 m2)
1195 3989 1219 4045 Ἡ
1233 3993 1260 4055 (v
1273 4006 1294 4044 e.

147 4081 165 4135 b
184 4084 242 4148 md)
261 4080 286 4133 T
304 4084 331 4147 (v
349 4096 370 4135 a.
388 4080 406 4133 b
425 4083 478 4145 mi)
499 4084 545 4134 cet.
621 4081 654 4133 14
673 4078 836 4133 comulatum
853 4078 881 4131 A
959 4080 991 4132 17
1012 4077 1249 4131 demonstrandum
1267 4077 1295 4131 A

147 4174 180 4235 (a.
192 4174 241 4223 m2
257 4170 271 4223 1
290 4169 335 4234 do)
354 4169 383 4224 P
400 4172 427 4235 (o
445 4170 493 4223 m2
510 4184 532 4222 a.
553 4172 580 4235 u)
601 4166 811 4223 demonstrando
831 4173 878 4223 cet.
975 4167 1008 4221 18
1026 4173 1135 4237 numm}
1148 4170 1250 4221 certum
1270 4170 1294 4220 A

148 4260 303 4326 (ceretae.)
367 4258 400 4312 21
421 4257 464 4311 his
485 4256 513 4323 (h
533 4260 615 4323 erae.)
636 4256 663 4309 A
724 4257 758 4311 22
778 4256 938 4361 quibusdam
958 4255 1039 4310 morti
1059 4259 1090 4322 (a.
1110 4258 1158 4309 rut>
1174 4256 1187 4308 1
1205 4257 1252 4321 tis)
1268 4256 1294 4307 A

183 4374 327 4429 saluatoris
340 4374 368 4427 A
387 4376 419 4440 (e.
434 4376 480 4428 m2
492 4374 507 4426 1
520 4373 657 4441 salutaris)
676 4371 702 4426 Τ
754 4372 789 4427 23
807 4371 926 4435 infidelia
944 4372 1028 4426 Am2
