3100 4967
231 344 295 409 214
630 304 633 309 Ι
703 339 900 395 Ambrosii

230 536 421 600 delitiscere.
442 535 607 601 considera
624 535 728 613 illum,
749 536 869 619 dequo
890 535 934 599 ait
952 535 983 599 in
1003 536 1230 601 Ecclesiastico
1250 536 1377 602 Siraclr:

231 643 358 707 omnis
388 644 501 707 homo
530 643 845 729 transgrediens
873 644 911 708 in
943 644 1054 708 lecto
1089 663 1171 720 suo,
1205 646 1378 708 contem-

231 769 328 814 nens
371 752 409 813 et
451 748 590 815 dicens
633 750 671 813 in
715 750 847 815 anima
882 770 971 815 sua:
1009 750 1100 833 quis
1143 769 1200 813 me
1237 749 1378 815 uidet?

231 858 424 922 tenebrae
446 856 701 923 circumdant
720 856 776 922 n're
802 861 841 922 et
858 858 1052 941 parietes.
1073 877 1189 941 quem
1208 861 1378 921 uereor?

230 983 332 1029 nonne
365 963 425 1028 tibi
457 964 585 1029 uidetur
616 965 678 1029 iste
712 984 787 1029 uere
821 984 890 1029 esse
919 964 1164 1039 mercennarius,
1193 964 1248 1046 qui
1271 1012 1377 1027 .....
1410 991 1423 1030 s

230 1071 411 1155 prodegerit
430 1077 466 1137 ut
484 1072 538 1137 ille
563 1071 749 1137 adulescens
773 1071 804 1134 in
825 1072 1001 1155 euangelio,
1022 1071 1077 1153 qui
1095 1070 1213 1155 legitur
1232 1074 1378 1153 acceptae

232 1181 365 1260 epatre
397 1178 595 1244 substantiae
624 1177 802 1261 portionem
833 1228 941 1245 .....
968 1182 1000 1241 et
1027 1196 1123 1261 egens
1152 1181 1247 1259 atquo
1275 1178 1378 1260 inops,
1442 1186 1464 1238 F

232 1304 294 1367 quo
317 1285 432 1351 famem
456 1287 589 1363 leuaret,
612 1304 743 1369 pascere
767 1305 880 1370 greges
904 1285 1009 1368 coepit
1028 1284 1158 1359 alienos,
1178 1288 1216 1348 ut
1235 1283 1379 1348 mercede

232 1396 396 1475 sumptum
417 1396 574 1457 exerceret
593 1396 710 1457 suurn?
731 1392 787 1457 sed
806 1393 860 1458 ille
879 1396 985 1457 tamen
1005 1391 1173 1473 aliquando
1194 1410 1379 1461 conuersus,

233 1498 308 1581 quia
339 1500 473 1563 reuertit
505 1499 544 1563 ad
576 1504 698 1582 patrem
732 1504 763 1563 et
795 1503 927 1582 peccata
955 1519 1014 1563 sua
1041 1518 1102 1563 non
1133 1497 1295 1580 repressit,
1323 1497 1380 1562 sed
1399 1526 1425 1563 ιο

233 1605 385 1689 prodidit:
410 1606 462 1693 hic
485 1610 593 1670 autern
618 1606 672 1689 qui
697 1626 730 1671 se
755 1607 917 1672 existimat
939 1607 978 1670 ab
1003 1626 1039 1672 eo
1065 1606 1119 1689 qui
1143 1606 1249 1671 omnia
1271 1604 1381 1669 uideat

233 1732 294 1780 non
330 1712 433 1777 uideri
470 1717 503 1777 et
539 1713 677 1778 tenebris
714 1718 808 1795 putat
844 1713 1017 1778 commissa
1053 1732 1111 1777 sua
1148 1732 1243 1794 posse
1284 1710 1381 1776 celari

232 1819 378 1883 umbram
407 1819 595 1901 praetendit,
625 1820 681 1884 sed
709 1820 828 1885 frustra
853 1821 951 1885 latere
977 1840 1010 1885 se
1035 1820 1143 1895 credit,
1169 1839 1242 1883 oum
1267 1819 1379 1884 oculus

233 1925 351 1990 domini
387 1926 524 1991 lucidior
561 1930 627 1992 sole
661 1927 788 1991 occulta
820 1928 925 1992 omnia
958 1927 1181 2011 deprehendat,
1213 1926 1381 1990 tenebrosa
1426 1932 1512 1987 casn

231 2031 402 2097 inluminet
425 2037 457 2097 et
479 2033 584 2097 intimi
609 2034 712 2099 cordis
736 2037 880 2116 penetret
902 2035 1129 2100 conscientiam
1149 2037 1244 2116 atque
1263 2032 1296 2096 in
1316 2032 1381 2095 alta
1399 2058 1425 2096 ra

233 2142 265 2203 et
296 2140 452 2222 profunda
485 2140 666 2205 descendat.
700 2160 803 2205 uanus
832 2161 906 2225 ergo
937 2141 991 2223 qui
1019 2144 1112 2224 putat
1139 2140 1279 2205 tenebris
1309 2157 1380 2203 esse

201 2326 204 2331 Ι
233 2263 267 2309 se
291 2247 408 2324 tutum,
433 2264 507 2309 curn
525 2244 630 2311 lucem
649 2246 752 2309 uitare
770 2266 831 2311 non
851 2246 965 2329 possit,
984 2265 1064 2329 quae
1083 2247 1172 2311 lucet
1189 2246 1220 2311 in
1240 2246 1380 2311 tenebris

233 2353 265 2414 et
288 2350 434 2415 tenebrae
460 2371 528 2415 earn
553 2371 612 2418 non
638 2352 907 2435 conprehendunt.
932 2352 1025 2435 quasi
1043 2353 1203 2437 fugitiuus
1221 2353 1329 2435 itaque
1349 2356 1381 2418 et

233 2456 337 2521 malus
372 2457 606 2521 mercennarius
640 2456 885 2541 deprehenditur
913 2461 945 2522 et
972 2464 1141 2539 antequam
1174 2478 1208 2524 se
1241 2460 1382 2524 occultet

233 2564 426 2647 agnoscitur,
442 2564 517 2646 quia
536 2563 663 2629 domino
685 2565 791 2630 omnia
810 2569 979 2647 antequam
1000 2570 1130 2648 quaerat
1154 2564 1282 2649 cognita
1305 2569 1382 2630 sunt
1399 2592 1427 2631 ao

190 2670 207 2733 7
232 2688 294 2734 non
318 2670 423 2735 solum
447 2669 645 2753 quaefacta,
670 2670 726 2735 sed
750 2672 846 2735 etiam
870 2691 950 2754 qnae
974 2673 1091 2737 futura.
1115 2673 1198 2755 perit
1220 2672 1320 2756 igitur
1348 2672 1378 2736 in
1443 2680 1465 2733 B

233 2796 336 2841 uacua
360 2796 415 2858 spe
440 2778 495 2859 qui
517 2780 611 2861 putat
634 2778 718 2860 quod
742 2796 836 2843 suum
856 2778 974 2843 crimen
993 2778 1184 2843 abscondat:
1204 2778 1312 2843 fabula
1331 2781 1382 2843 est

232 2884 307 2961 istu,
336 2903 396 2949 non
431 2884 559 2949 ueritas.
594 2884 728 2967 denique
763 2884 905 2950 sabula
935 2885 1194 2967 peccantium
1228 2884 1380 2963 odiosa,

324 3145 340 3197 2
360 3144 411 3199 Sir.
431 3144 474 3208 23,
496 3144 528 3199 18
550 3144 595 3210 (25
615 3150 667 3214 sq.)
731 3146 747 3200 6
767 3144 832 3198 Luc.
853 3145 894 3210 15,
916 3144 949 3198 12
964 3162 1022 3215 sqq.
1084 3146 1116 3199 13
1136 3144 1188 3201 Sir.
1206 3145 1250 3209 23,
1272 3146 1304 3199 19
1325 3145 1381 3215 (28)

235 3232 418 3299 1710h.1,5
469 3234 504 3287 23
520 3234 571 3289 Sir.
589 3234 633 3299 27,
655 3234 687 3289 13
707 3235 764 3301 (14)

273 3368 284 3419 1
306 3366 464 3421 delitescere
483 3368 510 3421 P
529 3372 554 3433 (e
574 3369 623 3421 ult.
643 3384 676 3422 ea
694 3368 703 3421 i
722 3372 780 3435 m2)
800 3374 846 3424 cet.
909 3368 1120 3429 ecclesiasticos;
1134 3368 1163 3421 P
1180 3372 1204 3435 (s
1223 3368 1288 3439 del.)
1341 3369 1383 3423 ira

232 3454 285 3508 PC
302 3455 390 3509 sirach
409 3457 435 3509 B
455 3456 498 3521 (ch
517 3472 539 3510 a.
559 3473 586 3513 a.
605 3461 662 3523 nr2)
683 3474 759 3527 syrac
778 3457 807 3511 D
825 3457 896 3511 sirac
914 3458 948 3511 P‘
1021 3458 1037 3511 2
1056 3463 1248 3527 contempnens
1266 3457 1385 3511 PDPr

234 3547 422 3615 contempnens
440 3544 468 3598 B
486 3545 510 3615 (t
529 3561 609 3611 eras..
629 3562 646 3598 n
664 3562 686 3601 s.
705 3547 774 3617 ras.)
830 3548 846 3600 3
866 3545 937 3599 uidit
956 3546 983 3599 P
1034 3548 1051 3599 4
1071 3545 1240 3601 circumdant
1257 3546 1285 3599 Β
1304 3545 1383 3610 (dant

234 3648 267 3686 ea
286 3632 398 3701 dabunt)
471 3633 589 3703 parietes
609 3634 636 3687 P
654 3638 693 3699 (es
713 3651 746 3688 ea
764 3635 788 3687 is
806 3638 863 3700 m2)
930 3636 1029 3689 ruere
1048 3634 1131 3688 PBD
1150 3634 1192 3687 nir
1210 3633 1271 3687 ΡΟ
1341 3634 1382 3687 la·

234 3736 329 3775 cunam
347 3720 515 3789 sipnr'ficauc',
536 3739 585 3775 sua
605 3721 669 3777 ccc.
690 3722 731 3775 cd.
744 3722 835 3785 Rom„
849 3720 898 3775 aed
909 3722 999 3789 plura
1019 3722 1149 3775 eccidisse
1161 3721 1301 3786 reddentur,
1310 3720 1381 3789 fort.

234 3809 296 3862 aliis
314 3808 428 3874 laboret,
448 3826 508 3863 oum
527 3827 576 3863 sua
637 3809 825 3881 6prodiderit
843 3810 907 3863 DP‘
979 3810 1048 3863 utile
1068 3809 1220 3863 aduliscens
1239 3810 1266 3862 P
1337 3826 1382 3863 ac·

234 3902 312 3969 cepte
329 3898 448 3953 PBDP
467 3900 603 3969 accepisse
619 3902 700 3953 ama
713 3901 745 3959 in
759 3918 809 3969 mg.
831 3900 854 3952 (¹
894 3902 909 3953 7
928 3900 1053 3953 lacunam
1069 3898 1199 3952 indicaui
1235 3900 1251 3951 9
1270 3914 1382 3952 conuer-

233 4003 279 4041 sus
295 3991 336 4041 est
346 3986 372 4039 B
387 3990 439 4057 (est
452 4004 473 4041 s.
484 4005 511 4043 ae.
522 3990 579 4059 m2)
589 3988 653 4043 DP‘
708 3988 890 4043 reuertitan
904 3988 947 4057 (ur
960 4004 980 4041 a.
996 4006 1023 4041 u.
1033 3991 1091 4057 m2)
1101 3986 1165 4039 DP‘
1204 3987 1234 4041 ll
1251 3987 1346 4050 uideat
1355 3986 1383 4039 B

234 4074 311 4129 uidet
329 4076 420 4130 DPi'
474 4077 506 4129 16
525 4077 552 4131 in
572 4077 692 4131 tenebris
714 4077 736 4131 0
792 4080 823 4131 17
843 4094 871 4130 a:
891 4093 950 4130 esse
969 4077 1004 4140 B,
1020 4092 1048 4129 se
1068 4092 1118 4129 om.
1136 4076 1160 4127 (¹
1229 4078 1318 4128 totum
1332 4072 1386 4127 PG

235 4164 267 4216 21
291 4164 361 4231 sort.
382 4164 455 4217 iacta
478 4167 542 4218 sunt
649 4164 742 4219 intuta
764 4168 829 4219 suut
847 4166 912 4219 DP‘
1020 4165 1139 4234 repperit
1157 4164 1187 4217 D
1212 4167 1269 4234 (rep
1283 4168 1383 4231 postea

235 4252 313 4319 add.)
334 4252 366 4305 Ρ*
422 4254 456 4307 23
481 4252 575 4307 odiosa
593 4254 620 4307 B
641 4254 837 4326 (προσόχθισμα
854 4254 952 4316 LXX)
973 4253 1062 4307 otiosa
1080 4259 1127 4307 cet.
