3100 4967
267 437 333 501 roo
440 476 444 483 -
729 430 949 503 [ambrosio

212 624 372 694 d9delere
394 632 573 712 peccatum.
598 627 671 693 tibi
694 626 800 709 inquit
822 626 979 710 peccaui
1004 628 1040 691 et
1063 624 1202 690 maium
1226 644 1349 691 eoram
1376 628 1414 691 te
1486 634 1508 691 c

266 736 357 815 feci,
386 738 447 803 hoc
475 740 544 801 est:
572 735 634 800 etsi
661 734 808 800 homines
836 754 896 799 non
924 733 1046 811 uident,
1075 732 1132 799 sed
1158 734 1195 797 tu
1218 732 1328 797 uides:
1353 731 1416 796 etsi

267 843 412 908 homines
440 863 492 909 me
518 842 659 907 iudicare
686 862 749 906 non
775 844 922 925 possunt,
952 840 1006 924 qui
1029 839 1200 923 participes
1224 839 1415 905 delictorum

267 953 352 1029 sunt,
375 953 413 1016 tn
436 953 542 1015 tamen
562 948 655 1014 iudex
674 967 707 1013 es
726 948 937 1033 singulorum,
958 946 1012 1029 qui
1032 966 1141 1030 expers
1160 966 1194 1011 es
1214 946 1415 1011 delictorum.

268 1056 445 1139 quamlibet
467 1055 499 1121 in
524 1056 618 1121 corde
640 1054 754 1120 intimo
780 1054 989 1139 cogitationes
1013 1054 1122 1120 noxiae
1149 1054 1280 1131 lateant,
1309 1072 1416 1119 coram
1447 1080 1462 1117 s

267 1166 300 1227 te
325 1164 432 1227 tamen
456 1164 541 1238 sunt,
566 1160 621 1242 qui
649 1162 741 1242 potes
771 1158 894 1223 dicere:
925 1157 1015 1241 quid
1042 1158 1225 1243 cogitatis
1253 1158 1351 1222 maia
1378 1157 1415 1223 in

268 1268 447 1335 cordibus
484 1266 655 1335 uestris?
691 1284 806 1350 nempe
844 1264 990 1330 Christus
1026 1267 1087 1330 hoe
1126 1264 1214 1330 dicit.
1253 1264 1307 1347 qui
1340 1282 1415 1349 ergo

266 1376 358 1441 nouit
384 1374 462 1459 quid
487 1374 519 1438 in
548 1373 641 1439 corde
669 1372 713 1438 sit
741 1370 897 1455 scriptum
924 1374 1032 1456 potest
1060 1372 1164 1437 delere
1197 1371 1350 1454 quicquid
1382 1372 1415 1435 in

266 1482 362 1547 eorde
394 1480 609 1564 conscriptum
643 1482 701 1545 est.
736 1480 788 1544 oui
821 1498 854 1544 se
891 1478 1011 1544 fatetur
1046 1482 1173 1545 sanctus
1210 1478 1317 1544 Dauid
1353 1496 1415 1542 non
1482 1488 1507 1543 D

268 1590 371 1653 solum
394 1588 427 1651 in
452 1607 487 1652 se
509 1587 590 1669 ipso,
615 1587 672 1651 sed
696 1586 794 1651 etiam
816 1585 848 1649 in
872 1586 973 1668 primo
997 1584 1124 1651 homine
1146 1604 1309 1668 peccasse,
1337 1584 1416 1650 dum
1436 1612 1463 1651 ιο

267 1695 438 1776 praecepta
460 1692 568 1757 diuina
590 1696 794 1758 temerantur.

215 1800 257 1867 70
314 1798 382 1880 Quo
419 1798 497 1865 licet
532 1798 707 1878 aduertere,
744 1800 858 1863 fratres
897 1798 1108 1879 dilectissimi,
1147 1796 1416 1882 quemadmodum

268 1925 378 1971 omncs
404 1906 564 1983 haereses,
593 1905 670 1969 dum
697 1925 732 1971 se
759 1904 947 1989 inpugnant,
974 1906 1006 1970 in
1036 1925 1069 1971 se
1097 1906 1273 1971 recurrunt.
1305 1905 1416 1987 itaque

267 2011 386 2089 Ariani,
424 2009 500 2076 dum
536 2011 636 2094 patris
675 2013 708 2075 et
743 2011 803 2076 filii
840 2014 986 2095 separant
1028 2013 1230 2093 potestatem,
1267 2012 1301 2075 in
1341 2030 1416 2075 oum

263 2118 387 2184 furiose
423 2118 543 2182 exitum
580 2116 806 2201 disputationis
843 2118 1019 2195 incurrunt,
1056 2121 1095 2183 nt
1131 2136 1204 2183 cum
1237 2117 1416 2182 Manicheie
1437 2146 1462 2185 rs

269 2244 378 2289 eorum
410 2226 577 2289 concurret
608 2224 765 2300 adserti03
799 2223 847 2289 iili
880 2224 962 2289 enim
1001 2224 1112 2290 dicunt
1148 2224 1283 2289 alterum
1320 2223 1417 2289 deum

268 2330 398 2409 ueteris,
428 2330 564 2395 alterum
592 2330 667 2394 noui
691 2348 761 2395 esse
785 2330 980 2396 testamenti.
1006 2351 1098 2415 quam
1123 2332 1286 2415 profanam
1311 2331 1416 2396 adser·
1484 2342 1506 2398 E

267 2436 387 2503 tionem
421 2437 557 2501 ecelesia
588 2440 699 2501 sancta
730 2436 927 2516 condemnet,
962 2458 1041 2521 quae
1073 2458 1172 2503 unum
1201 2438 1297 2503 deum
1323 2438 1416 2523 legit,

269 2543 344 2626 quia
361 2561 457 2608 unus
482 2543 571 2608 deus
595 2546 716 2626 pater,
741 2563 782 2609 ex
806 2564 875 2626 quo
899 2544 1036 2623 omnia,
1061 2548 1098 2609 et
1121 2564 1186 2609 nos
1210 2546 1246 2610 in
1276 2546 1415 2627 ipsum,

269 2652 306 2714 et
332 2668 430 2715 unus
460 2649 633 2715 dominus
660 2650 785 2732 Iesus,
815 2670 879 2734 per
907 2670 1014 2733 quem
1044 2652 1167 2717 omnia
1195 2654 1232 2716 et
1258 2670 1325 2715 nos
1350 2670 1461 2734 perso

268 2756 403 2840 ipsum.
440 2756 551 2839 utique
588 2756 788 2839 omnipotens
824 2760 968 2841 potestas
1001 2762 1033 2823 et
1064 2780 1128 2825 una
1158 2760 1257 2843 patris
1291 2762 1324 2824 et
1357 2760 1416 2824 filii

269 2862 456 2940 declaratur,
480 2866 517 2928 ut
539 2882 595 2927 nec
614 2866 737 2944 patrem
757 2882 775 2927 a
794 2864 869 2929 noui
888 2866 1074 2931 testamenti
1092 2867 1194 2950 gratia
1213 2884 1416 2932 secememus

216 2974 327 3039 'ilnec
349 2988 459 3033 rursus
484 2969 523 3034 ab
546 2968 775 3034 instauratione
799 2970 911 3036 mundi
934 2970 1035 3037 filium
1062 2991 1255 3055 separemus.
1281 2972 1416 3055 denique

270 3076 507 3141 consideremus
535 3078 642 3141 utrum
669 3076 755 3141 idem
784 3076 862 3142 dens
890 3078 1056 3161 utriusque
1085 3080 1129 3144 sit
1152 3078 1296 3145 conditor
1318 3082 1419 3145 testa-

268 3182 378 3247 menti.
410 3202 523 3266 nempe
556 3202 664 3247 omues
696 3182 728 3247 in
760 3182 863 3266 primo
895 3184 1022 3250 homine
1054 3184 1270 3267 peccauimus,
1301 3186 1334 3250 et
1361 3204 1418 3268 per
1435 3194 1501 3253 sal-¹

268 3292 401 3355 naturae
430 3288 667 3355 successionem
690 3289 803 3371 culpae
828 3310 953 3374 quoque
977 3292 1015 3357 ab
1039 3310 1101 3357 uno
1125 3293 1158 3356 in
1181 3310 1291 3355 omnes
1314 3295 1417 3357 trans-

268 3394 343 3459 fusa
369 3395 531 3461 successio
561 3399 620 3461 est.
649 3396 681 3460 in
710 3416 805 3479 quem
834 3416 907 3482 ergo
936 3400 1076 3481 peccaui,
1104 3400 1136 3464 in
1164 3404 1287 3482 petrem
1316 3418 1354 3463 an
1382 3400 1415 3464 in

1546 3506 1547 3564 i

361 3603 374 3657 1
394 3602 494 3658 Psalrn.
511 3605 534 3658 L
553 3606 569 3660 6
624 3606 640 3660 6
659 3604 757 3659 Matth.
777 3608 802 3672 9,
820 3608 840 3661 4
894 3608 927 3663 19
946 3608 960 3661 Ι
979 3607 1038 3663 Cor.
1057 3608 1083 3673 8,
1102 3610 1119 3663 6

306 3724 320 3778 1
349 3724 401 3778 tibi
425 3726 516 3796 inquit
537 3728 649 3797 peccaui
671 3728 769 3797 scripsi
790 3730 843 3783 tibi
867 3730 958 3800 inquit
983 3729 1077 3797 (dauid
1093 3748 1115 3786 s.
1135 3730 1236 3802 inquit)
1257 3734 1370 3803 peccaui
1387 3733 1418 3788 D

269 3812 322 3867 tibi
343 3814 434 3883 inquit
457 3814 541 3869 dauid
563 3816 673 3885 peccaui
691 3816 725 3871 N
743 3818 795 3870 tibi
819 3818 909 3889 inquit
931 3820 1042 3889 peccaui
1066 3819 1148 3875 dauid
1172 3820 1239 3875 dicit
1260 3822 1348 3876 ΤΡΜ
1364 3822 1416 3877 tibi

269 3903 381 3971 peccaui
400 3902 484 3958 dauid
503 3904 571 3959 dicit
587 3906 682 3960 BP'T
699 3912 723 3960 et
742 3906 822 3971 (dicit
840 3907 933 3975 dauid)
957 3908 991 3962 T‘
1053 3909 1070 3963 3
1089 3908 1237 3964 diiudicare
1255 3910 1279 3963 X
1353 3910 1417 3981 qnia

268 3990 335 4045 Dr*
389 3992 406 4044 4
426 3992 472 4062 qui
494 3992 552 4047 TN
567 3993 631 4063 quie
650 4000 697 4048 cet.
753 3996 769 4049 9
788 3996 891 4049 fatetur
912 3996 966 4049 TN
984 3998 1103 4052 fateatur
1119 3998 1152 4051 T'
1172 4002 1199 4065 (a
1216 4000 1265 4053 alt.
1281 4004 1353 4069 esp.)
1368 4004 1415 4055 eet.

288 4082 415 4165 sanctus
436 4081 490 4135 TN
508 4085 600 4135 noster
618 4088 667 4135 cet.
723 4084 756 4137 12
775 4082 848 4153 quod
866 4084 1038 4149 DT‘B‘PM,
1057 4102 1109 4139 om.
1128 4086 1162 4139 P‘
1218 4086 1251 4141 16
1271 4086 1315 4140 drn
1334 4088 1420 4142 ΤΗΝ

269 4166 333 4221 dnm
352 4174 399 4223 cet.
469 4170 621 4233 lancearis
644 4170 962 4227 TNesseueteriseet.
1049 4174 1114 4227 noui
1133 4190 1191 4229 esso
1214 4174 1269 4230 TN
1284 4178 1350 4230 noui
1368 4182 1416 4231 eet.

271 4244 598 4313 lescaeocleaiaDPM
651 4256 685 4312 19
699 4260 765 4314 deus
779 4278 859 4331 onax
931 4262 1211 4332 ipsurn]ipsoDPM
1262 4264 1415 4318 24ntruru·

270 4362 322 4415 que
341 4345 491 4401 cumidem
509 4347 563 4401 DX
617 4348 652 4403 27
672 4350 702 4403 in
722 4350 771 4406 alt.
791 4366 842 4404 om.
861 4350 916 4404 DX
