3100 4967
598 432 814 486 Praelatio.
1145 437 1283 502 XXXIII

133 648 242 695 ueram
262 627 453 709 scripturam
474 644 510 691 ac
528 624 721 690 reiciendum
741 644 811 691 esse
829 627 954 691 Erasmi
972 632 1187 694 commentum
1207 631 1284 695 aetl-

132 757 221 813 aoea,
251 734 338 818 quod
367 752 558 816 quamquam
586 733 738 798 sermonis
766 733 872 798 Latini
898 734 973 799 usui
999 734 1090 818 plane
1117 740 1283 822 repugnat,

133 864 153 909 a
175 842 292 909 ceteris
317 840 491 906 editoribus
511 840 749 923 comprobatum
768 860 852 905 nunc
869 840 901 904 in
920 842 1030 905 lexicis
1047 842 1168 908 Latinis
1188 845 1285 922 extat,

133 969 226 1014 nemo
255 966 317 1013 uon
347 948 507 1013 concedet.
545 946 601 1011 aad
629 946 706 1029 quid
734 966 770 1011 ex
796 947 913 1011 littoris
943 947 1124 1029 oNlATIT,
1148 969 1229 1031 quac
1250 950 1283 1015 iu

131 1056 184 1121 PC
208 1057 362 1140 leguntur
385 1091 427 1101 —-
451 1073 523 1118 nam
547 1057 668 1118 ceteros
692 1072 754 1118 nou
778 1072 854 1118 curo
878 1090 922 1101 -
945 1054 1116 1119 eruendum
1141 1056 1186 1121 sit
1207 1076 1284 1121 sane

134 1162 270 1227 dubium
305 1180 376 1226 esse
408 1161 546 1226 uidetur.
583 1159 708 1225 Erasmi
740 1160 922 1225 coniectura
952 1156 1128 1247 ἀκτινώδης,
1157 1182 1193 1226 ex
1221 1182 1284 1246 qua

132 1268 233 1333 simul
260 1270 444 1351 portentum
472 1266 555 1333 illud
581 1266 722 1331 actinosa
749 1266 916 1351 processit,
944 1270 1028 1332 certe
1055 1268 1170 1333 litteris
1197 1268 1229 1334 in
1257 1270 1285 1333 P

130 1374 264 1457 scriptis
293 1375 382 1438 nullo
410 1376 504 1457 pacto
532 1371 712 1455 respondet.
749 1372 830 1438 adde
858 1372 942 1455 quod
968 1372 1103 1439 uerbum
1128 1373 1282 1441 Graecum

134 1480 353 1563 quaerendum
387 1498 457 1545 esse
490 1479 626 1555 uidetur,
653 1478 736 1561 quod
765 1484 798 1545 et
825 1480 897 1544 uoci
927 1486 1056 1544 edoceo
1078 1483 1111 1545 et
1133 1480 1180 1545 eis
1203 1500 1285 1565 quae

134 1588 277 1671 proxime
306 1591 482 1670 sequuntur
509 1584 592 1667 quod
612 1584 679 1669 side
705 1585 909 1671 operibusque
930 1586 1125 1667 resplendeat
1146 1587 1284 1670 quodam

136 1694 231 1759 modo
257 1692 436 1759 conueniat.
461 1711 540 1775 quaa
565 1711 636 1757 cum
661 1692 707 1757 ita
730 1692 804 1769 sint,
824 1688 950 1777 ἐναργής
972 1693 1004 1757 in
1028 1693 1184 1775 scriptura
1211 1694 1284 1759 libri

134 1800 161 1864 P
184 1801 285 1865 latere
317 1800 397 1863 mihi
424 1799 578 1882 persuasi.
617 1817 688 1863 nam
717 1800 749 1863 et
780 1798 956 1882 splendoris
979 1798 1065 1864 notio
1089 1799 1164 1864 hnic
1187 1801 1284 1865 uerbo

135 1908 220 1972 inest
253 1909 296 1987 et,
329 1906 356 1971 si
388 1906 542 1989 originem
577 1905 645 1970 cius
678 1908 815 1987 spectas,
847 1905 941 1970 facile
973 1924 1010 1970 ea
1047 1907 1085 1970 ab
1115 1908 1285 1973 Ambrosio

135 2014 247 2079 eodem
277 2012 373 2078 modo
403 2030 464 2096 quo
490 2032 508 2077 a
529 2012 608 2076 uiris
637 2010 828 2094 quibusdam
853 2011 954 2076 doctis
978 2012 1074 2077 huius
1098 2014 1217 2078 saeculi
1239 2014 1286 2079 ita

137 2121 286 2203 explicari
315 2120 429 2204 potuit,
454 2123 491 2183 ut
518 2119 552 2183 id
580 2140 616 2184 ex
639 2119 746 2184 uerbis
770 2115 800 2181 ἐν
823 2115 900 2202 ἔργῳ
924 2121 1103 2203 proiectum
1126 2141 1195 2187 esse
1219 2125 1284 2187 sta·

138 2232 290 2293 tueretur.
316 2246 412 2309 quam
436 2226 475 2291 ob
500 2246 566 2291 rem
590 2224 716 2309 ἐναργής
740 2227 768 2290 ei
792 2226 876 2310 quod
899 2227 976 2292 mihi
1001 2232 1073 2293 ante
1094 2230 1127 2293 in
1145 2232 1284 2295 mentem

137 2336 269 2399 uenerat
292 2330 413 2415 ἐνεργής
436 2333 593 2415 praeferre
616 2351 677 2397 non
704 2332 859 2397 dubitaui.
885 2332 1021 2417 denique
1044 2335 1071 2398 si
1091 2338 1284 2419 corruptelas

139 2442 307 2507 uerborum
333 2439 526 2505 Graecorum
547 2438 579 2503 in
603 2438 693 2503 libris
717 2439 856 2521 antiquis
879 2441 1086 2523 reputaueris,
1104 2441 1285 2510 aunario

140 2584 182 2596 -
203 2567 277 2611 nam
306 2546 366 2611 hoc
394 2546 489 2610 modo
518 2545 783 2630 pronuntiabatur
808 2584 844 2592 —
870 2546 901 2610 in
930 2547 1099 2612 ωΝῚΑΤΙΤ
1128 2549 1285 2633 corrumpi

137 2654 282 2737 potuisse
305 2671 367 2718 nou
390 2652 532 2737 negabis.

182 2761 217 2824 In
245 2760 328 2823 libro
356 2758 411 2841 qui
441 2758 486 2823 de
516 2758 718 2842 Apologia
748 2759 878 2824 Dauid
908 2760 1093 2825 inscribitur
1121 2760 1283 2827 tractando
1303 2773 1425 2853 effic*

139 2864 294 2950 singulari
319 2865 452 2947 quadam
477 2865 604 2929 fortuna
628 2865 771 2949 contigit,
795 2869 832 2930 ut
854 2867 978 2931 duobus
1003 2866 1099 2931 simul
1122 2866 1285 2932 codicibus

139 2971 373 3057 antiquissimis
407 2970 497 3035 nobis
531 2972 579 3035 uti
611 2970 716 3051 liceat,
751 2972 944 3038 Bononiensi
977 2971 1032 3058 (Β)
1064 2976 1096 3038 et
1126 2972 1287 3038 Parisiaco

142 3080 224 3144 1732
250 3079 315 3162 (Ρ).
340 3078 396 3142 sed
418 3078 568 3151 Fortuna,
593 3082 630 3142 ut
654 3082 703 3143 est
727 3078 786 3143 dea
808 3080 958 3164 maligna,
982 3098 1063 3161 quae
1087 3080 1180 3145 modo
1204 3080 1287 3144 bona

141 3184 323 3251 homiuibus
356 3184 419 3263 det,
448 3184 541 3251 modo
575 3184 649 3249 data
677 3184 801 3267 eripiat,
829 3186 861 3249 in
889 3186 948 3251 hac
974 3206 1008 3251 re
1036 3205 1161 3269 quoque
1190 3185 1286 3249 animi

140 3291 189 3355 sui
208 3288 423 3355 mobilitatem
445 3289 594 3355 ostendit.
610 3309 682 3354 nam
698 3290 731 3353 id
746 3290 831 3374 quod
845 3312 876 3374 p.
890 3292 967 3355 XXI
981 3297 1013 3357 et
1025 3292 1131 3357 XXXI
1145 3290 1285 3373 exposui,

140 3398 170 3461 in
197 3395 393 3462 Bononiensi
422 3396 579 3461 sectiones
607 3396 697 3461 I-X
728 3402 760 3461 ct
787 3398 972 3463 undecimae
994 3398 1121 3462 initium
1145 3401 1177 3461 et
1199 3416 1285 3479 prae-

139 3508 224 3568 terea
254 3506 330 3587 post
360 3502 437 3567 folia
467 3504 484 3568 I
517 3508 549 3567 et
580 3504 611 3568 11
644 3502 717 3582 dno,
752 3504 869 3586 quibus
901 3506 1000 3569 uerba
1033 3507 1107 3583 308,
1139 3505 1160 3567 4
1188 3506 1286 3568 ‘reuo-

139 3610 383 3685 cauit‘...309,
409 3612 451 3673 20
480 3612 555 3675 ‘tam
584 3610 689 3674 facile’
717 3614 748 3675 et
779 3611 855 3689 311,
882 3612 922 3675 16
945 3612 1219 3685 ‘tamen’...313,
1245 3612 1286 3675 16

142 3716 408 3801 ‘regenerationis’
428 3714 677 3795 continebantur,
697 3716 728 3780 iu
748 3717 906 3783 Parisiaco
926 3737 998 3801 pars
1017 3718 1117 3783 maior
1135 3717 1286 3781 sectionis

140 3822 276 3887 XXXXI
304 3824 445 3905 atquae
475 3826 650 3905 sequuntur
678 3842 787 3889 omnes
814 3824 901 3888 foliis
929 3824 1100 3907 deperditis
1123 3824 1287 3888 intercide-

141 3934 221 3995 runt.
261 3931 356 4011 atque
384 3930 473 4013 prius
501 3928 651 4003 damnum
680 3930 817 4012 quodam
843 3930 938 3995 modo
966 3931 1158 4015 apographis
1185 3930 1288 3996 Bono-

140 4036 269 4114 niensis,
299 4034 459 4101 Parisiaco
489 4038 597 4101 12137
627 4041 659 4101 et
688 4036 900 4124 Oxoniensi‚¹)
927 4039 1108 4115 resarcitur,
1139 4040 1286 4118 alterum,

189 4242 208 4309 ¹)
226 4244 377 4297 Duacensis
396 4244 448 4297 227
470 4244 525 4311 (θ’)
547 4261 576 4299 ex
595 4244 627 4299 P‘
647 4246 785 4300 deriuatus
805 4249 855 4301 est.
884 4247 1003 4302 eiusdem
1028 4248 1141 4317 originis
1159 4251 1202 4301 est
1219 4248 1288 4303 Bru·

144 4333 232 4397 gensis
253 4333 312 4386 101.

173 4454 266 4495 xxxin,
281 4455 365 4497 amur.
377 4466 431 4507 par·
445 4460 465 4497 s.
1238 4457 1253 4495 0
