3100 4967
181 370 245 435 280
654 364 853 419 Ambrosii

179 564 217 625 ut
239 561 302 626 iste
325 580 417 626 mons
442 561 532 625 fieret
555 561 700 645 exiguus,
725 560 763 625 de
792 580 854 643 qno
887 560 933 625 ait
964 560 1132 643 propbeta:
1166 559 1327 643 abyssus

181 668 357 751 abyssum
389 668 545 733 inuocat
576 668 612 731 in
646 686 737 733 noce
770 670 1048 732 cataractarum
1080 670 1240 733 tuarum.
1264 686 1327 731 nou

179 774 383 856 praeualebat
401 778 497 839 uetus
516 776 743 839 testamentum
763 774 802 838 ad
820 774 917 839 istius
935 774 1047 838 mundi
1063 774 1326 856 redemptionem

180 880 351 945 inuocabat
366 884 398 946 et
412 881 504 964 quasi
522 879 562 945 ad
580 880 732 945 auxilium
752 881 933 947 arcessebat
950 899 1068 945 nouum
1087 882 1327 945 testamentum.

182 987 339 1052 clamabat
369 987 419 1052 lex
451 986 639 1051 adnuntians
663 986 877 1069 euangelium.
903 991 971 1051 erat
993 986 1075 1051 enim
1100 986 1275 1069 semiplena
1297 991 1330 1051 et
1360 1013 1374 1053 a

180 1093 252 1157 ideo
277 1096 343 1159 erat
370 1094 594 1173 necessarium,
620 1096 656 1157 ut
684 1094 809 1159 ueniret
836 1094 889 1176 qui
922 1094 1027 1177 legem
1058 1093 1202 1175 inpleret.
1236 1092 1328 1157 linis

183 1200 280 1265 enim
312 1200 412 1285 legis
437 1200 616 1267 Christus
650 1200 694 1265 ad
722 1200 920 1265 iustitiam
947 1199 1329 1281 omnic1·edenti‚qui
1392 1206 1415 1260 Ε

181 1307 271 1372 uenit
292 1308 396 1391 legem
420 1308 562 1390 implere,
587 1326 648 1372 non
675 1308 809 1373 soluere.
835 1307 993 1388 quomodo
1018 1307 1155 1391 abyssus
1180 1307 1231 1370 lex
1254 1305 1330 1369 audi

183 1412 355 1480 dicentem:
379 1414 523 1479 iudicia
554 1418 620 1479 tua
651 1414 753 1479 sicut
785 1414 947 1498 abyssus
980 1416 1110 1479 multa.
1134 1413 1233 1477 simul
1255 1413 1328 1477 binc

182 1520 332 1605 intellege
365 1509 537 1603 utrumque
569 1520 664 1585 unius
688 1540 759 1585 esse
783 1521 960 1604 sapientiae
983 1523 1221 1596 testamentum,
1246 1518 1331 1600 quod
1349 1548 1376 1587 m

184 1626 276 1710 qnasi
299 1646 393 1693 suum
416 1627 506 1692 uenit
527 1626 670 1710 implere.
696 1630 871 1691 cataractas
890 1630 997 1691 autem
1020 1626 1237 1708 intellegimus
1260 1644 1330 1708 pro·

182 1734 280 1799 funda
311 1734 481 1799 uerborum
505 1734 627 1799 etnim
652 1733 799 1799 caelestis
824 1734 952 1815 eloquii,
977 1752 1058 1816 qnae
1089 1732 1206 1798 finxere
1238 1732 1331 1798 nobis

184 1840 270 1905 sicut
305 1841 407 1905 imber
444 1860 461 1904 e
499 1842 597 1905 caelo.
635 1860 710 1925 ergo
752 1839 929 1905 remedium
969 1840 1147 1905 taediorum
1189 1839 1330 1905 omnium

185 1945 330 2012 Christus
365 1950 397 2013 et
430 1948 586 2030 scriptura
619 1947 728 2013 diuina
760 1950 855 2029 atque
878 1948 912 2011 iu
934 1946 1199 2030 temptationibus
1233 1964 1333 2009 unum

183 2052 374 2137 perfugium.
1351 2078 1378 2118 m

95 2164 182 2246 ε’),19
229 2160 374 2242 Denique
407 2160 463 2224 ubi
500 2159 641 2225 aduertit
676 2160 782 2226 Dauid
819 2160 905 2243 quod
942 2159 1137 2224 eleuatioues
1173 2159 1331 2224 fluctuum
1395 2167 1418 2221 F

185 2266 398 2331 saecularium
431 2284 526 2349 super
558 2286 607 2335 se.
625 2266 780 2344 uenirent.
813 2286 892 2348 quas
923 2285 1054 2331 necesse
1091 2271 1141 2330 est
1178 2266 1331 2349 plurimas

186 2373 358 2439 subeamus
390 2374 422 2437 in
455 2372 549 2439 istius
583 2374 770 2452 selonitae,
796 2392 917 2438 memor
940 2372 1058 2439 domini
1080 2372 1331 2439 miserationum.

186 2498 265 2562 quas
287 2479 461 2545 innumeris
485 2481 632 2563 promisit
655 2481 804 2558 oraculis,
828 2480 868 2545 ad
890 2499 1016 2562 precem
1040 2498 1213 2544 conuersus
1237 2480 1332 2543 inter·
1376 2486 1469 2541 645A

185 2587 285 2668 pellat
309 2586 403 2651 deum
428 2586 532 2652 sciens
557 2586 641 2669 quod
664 2586 884 2651 misericordia
907 2587 977 2651 eius
999 2586 1031 2649 in
1055 2587 1128 2651 luce
1152 2586 1329 2656 mandatur.
1350 2615 1377 2653 eo

185 2691 219 2756 id
243 2696 292 2759 est
315 2694 347 2759 in
370 2695 451 2777 lege,
477 2694 550 2775 quia
581 2693 644 2758 lun
675 2697 879 2777 praecepta
911 2697 985 2764 tna,
1013 2694 1045 2758 in
1068 2692 1332 2777 temptationibus

187 2803 294 2864 autem
327 2800 418 2882 quasi
440 2800 473 2864 in
497 2800 600 2867 noctis
623 2800 762 2865 tenebris
795 2800 1029 2865 manifestatur.
1063 2800 1146 2864 unde
1170 2804 1333 2882 tamqnam

186 2908 300 2985 uiator,
325 2906 379 2989 qni
406 2908 577 2989 repatriare
607 2906 767 2971 desideret
790 2911 823 2971 et
845 2907 1009 2989 peruenire
1037 2925 1100 2989 qno
1124 2906 1237 2983 tendit,
1261 2924 1333 2969 con-

186 3012 312 3097 fragoso
344 3016 450 3079 tamen
483 3013 568 3078 uitae
601 3012 696 3077 huius
729 3012 842 3077 itinere
874 3013 1029 3098 fatigatus
1059 3012 1171 3076 ducem
1201 3010 1334 3076 arcessit

122 3127 164 3189 20
189 3123 221 3184 et
253 3118 512 3185 adleuamentnm
545 3119 701 3184 obsecrat.
740 3119 838 3202 apud
873 3140 929 3185 me
966 3118 1072 3201 inquit
1106 3118 1226 3183 oratio
1266 3117 1379 3188 decas

187 3225 291 3291 uitae
320 3244 435 3303 meae3
466 3224 586 3291 dicam
615 3224 696 3290 deo:
727 3229 928 3308 susceptor·
955 3245 1059 3291 meus
1084 3244 1132 3290 es.
1156 3224 1235 3289 bene
1259 3228 1333 3288 nota

281 3486 568 3541 lPselm.XXXX18
615 3486 815 3549 ercamrao
860 3486 1103 3544 ceterius-ha.
1120 3488 1151 3541 17
1202 3486 1334 3541 9Psalm.

187 3574 319 3629 XXXV?
368 3576 400 3629 12
421 3575 471 3630 Sir.
491 3577 535 3644 39,
554 3576 570 3629 6
590 3577 626 3646 (9)
679 3576 711 3629 21
732 3575 805 3629 Esai.
824 3577 905 3639 26,9
960 3578 994 3630 25
1011 3576 1113 3629 Psahn.
1131 3575 1333 3643 mulesq.

223 3753 241 3805 4
261 3750 426 3805 arcessiebat
445 3751 472 3804 B
492 3751 658 3805 accersiebat
676 3750 740 3805 DP'
760 3751 915 3805 arcercebat
935 3749 959 3804 0
1011 3752 1027 3803 5
1047 3749 1158 3804 seminis
1176 3750 1258 3820 plena
1270 3748 1334 3803 DF

189 3842 205 3895 6
224 3840 391 3893 necessarius
406 3840 433 3893 P
450 3840 617 3893 necessarius
631 3840 723 3894 BDP‘
777 3840 794 3893 8
814 3840 947 3909 alrysbsns
961 3840 988 3892 P
1005 3840 1033 3907 (b
1053 3840 1101 3893 alt.
1117 3838 1198 3909 erce.)
1271 3836 1335 3892 andi

190 3928 274 3982 dauid
292 3928 426 3983 dicentem
445 3929 472 3982 B
547 3929 579 3982 13
598 3916 745 3983 taetiorum
763 3928 818 3983 Po
890 3930 922 3982 15
946 3927 1093 3981 remedium
1113 3927 1140 3980 B
1159 3928 1201 3993 (in
1219 3943 1271 3997 my.
1288 3929 1336 3980 m?

188 4017 335 4087 refugium)
437 4019 470 4071 16
499 4017 665 4072 eleuationes
686 4018 726 4081 (es
746 4034 779 4072 ea:
797 4018 832 4088 is)
850 4021 898 4072 m2
916 4017 943 4070 P
960 4022 1002 4070 rar
1019 4018 1049 4072 D
1150 4018 1182 4070 17
1210 4016 1336 4070 uenerint

189 4104 216 4157 P
235 4110 314 4171 (corr.
333 4108 391 4171 m2)
412 4105 475 4159 DP‘
535 4106 567 4159 21
589 4106 633 4158 lux
652 4106 692 4159 ed.
711 4106 791 4161 Rom.
812 4107 881 4177 (φῶς
899 4106 996 4173 LXX)
1016 4106 1058 4159 lex
1078 4105 1143 4158 libii
1204 4105 1335 4159 22111110-

191 4192 276 4245 centis
296 4192 357 4245 PP‘
376 4198 401 4245 et
421 4194 565 4259 (encres.)
585 4191 643 4244 BD
715 4193 841 4247 tenebras
860 4193 925 4246 DP⁴
981 4193 1016 4247 23
1036 4192 1173 4246 desideret
1191 4193 1218 4245 P
1235 4196 1262 4258 (a
1279 4208 1302 4245 e.
1322 4209 1336 4245 e

190 4288 261 4350 tert.)
282 4281 418 4335 desiderat
441 4282 464 4334 0
540 4280 637 4335 tendat
655 4281 683 4334 B
746 4283 780 4335 24
801 4283 914 4336 accersit
933 4282 967 4336 P‘
988 4287 1012 4347 (r
1026 4298 1072 4349 pr.
1091 4298 1112 4334 a.
1132 4281 1171 4349 aa.)
1191 4281 1289 4334 acersit
1307 4279 1337 4333 Ι)
