3100 4967
398 424 534 496 Apologia
547 424 639 479 Dauid
653 424 740 479 altera
754 425 797 490 12,
812 425 918 480 69-73
938 424 1023 491 (1732
1036 423 1196 493 0-7330).
1300 428 1365 493 407

220 622 349 687 filium?
376 620 488 703 utique
516 618 548 683 in
578 637 651 683 eum
680 618 734 701 qui
756 618 837 683 mihi
861 618 996 683 credidit
1018 618 1103 701 quod
1126 638 1188 684 non
1212 618 1366 685 seruando

218 729 361 814 peccaui.
385 726 571 791 mandatum
594 728 645 791 est
668 725 800 804 homini,
824 730 861 790 ut
884 726 923 791 ab
947 727 1094 793 omnibus
1119 730 1264 812 gustaret
1286 747 1366 809 quae

220 839 309 903 erant
329 836 362 899 iu
385 834 543 917 paradiso,
566 833 703 917 iignum'
717 832 868 897 scientiae
893 832 966 899 boni
986 835 1019 899 et
1036 834 1113 898 mali
1132 854 1193 899 non
1212 838 1367 919 taugeret.

219 944 319 1009 Adam
358 961 432 1026 ergo
468 942 502 1005 iu
539 940 677 1025 siugulis
714 940 806 1006 uobis
846 944 905 1008 est.
943 940 975 1005 in
1012 940 1068 1006 iilo
1107 942 1190 1006 enim
1224 942 1366 1007 condicio

188 1052 359 1115 ehumaua
386 1048 532 1132 deliquii,
561 1048 636 1131 quia
663 1067 719 1130 per
746 1067 846 1112 unum
873 1048 905 1111 iu
935 1066 1044 1113 omnes
1068 1048 1274 1131 pertransiuit
1294 1067 1366 1132 pec-

220 1160 336 1223 catum.
366 1155 458 1221 uideo
487 1174 645 1221 summam
672 1153 752 1218 mihi
782 1154 945 1232 creditam,
974 1155 1068 1221 uideo
1097 1174 1176 1237 quae
1207 1155 1366 1237 praeuari-

219 1263 353 1329 cationis
386 1282 459 1327 aera
490 1265 681 1335 contraxere,
715 1260 791 1325 dum
824 1261 927 1325 uetita
959 1265 992 1325 et
1022 1260 1190 1327 interdicta
1217 1260 1464 1347 degustoueen

220 1372 294 1435 hine
323 1370 421 1435 debeo
451 1369 627 1433 conmissae
656 1367 752 1432 sortis
780 1387 920 1445 usuram,
950 1368 1023 1450 quia
1051 1368 1207 1433 creditum
1240 1369 1367 1433 manda·

219 1482 327 1543 torum
356 1476 543 1542 caelestium
570 1476 682 1539 faenus
711 1474 899 1540 intemerata
927 1475 988 1539 fide
1018 1494 1142 1540 seruare
1170 1494 1232 1541 non
1264 1475 1365 1560 potui.

131 1588 207 1651 7210
220 1584 412 1669 agnouimus
435 1584 602 1659 creditum,
627 1600 836 1667 agnoscamus
862 1582 958 1646 etiam
983 1582 1181 1647 creditorem.
1201 1582 1366 1647 creditoris

219 1710 331 1774 nempe
353 1691 405 1755 ius
429 1694 488 1768 est,
511 1699 549 1755 ut
573 1690 679 1773 exigat
701 1692 733 1754 ei
756 1690 884 1755 relaxet.
910 1692 942 1754 et
964 1689 1036 1754 ideo
1060 1689 1147 1755 idem
1169 1690 1289 1754 relaxat
1312 1687 1366 1773 qui

219 1797 271 1862 ius
298 1798 395 1861 habet
423 1795 578 1880 exigendi.
609 1815 682 1860 cum
708 1794 810 1876 igitur
835 1796 866 1859 in
892 1796 1058 1879 euangelio
1084 1796 1229 1862 Christus
1254 1794 1367 1859 dixerit

219 1904 317 1969 mihi:
354 1904 515 1969 remissa
553 1908 642 1967 sunt
676 1902 749 1967 tibi
787 1906 942 1985 peccata
979 1906 1057 1979 tua,
1095 1922 1196 1967 noune
1229 1902 1364 1967 eundem

220 2010 369 2095 intellego
394 2010 558 2075 dominum
583 2009 690 2087 sortis,
715 2029 809 2092 quem
835 2010 988 2074 arbitrum
1011 2008 1123 2075 ueniae
1146 2012 1363 2094 recognosco?
1390 2011 1413 2065 B

176 2143 202 2181 rs
220 2120 276 2181 aut
298 2116 326 2183 si
348 2119 439 2199 peter
462 2117 597 2181 credidit
619 2120 651 2180 et
673 2114 761 2180 filius
786 2116 949 2192 reiaxauit,
975 2136 1037 2181 nou
1060 2134 1115 2199 per
1137 2116 1305 2193 unitatem,
1329 2116 1366 2179 ut

219 2242 277 2287 nos
310 2223 457 2302 dicimus,
491 2223 548 2289 sed
579 2225 617 2288 ut
643 2222 751 2287 Auiani
786 2222 946 2300 adserunt,
976 2242 1031 2306 per
1064 2223 1248 2287 distantiam
1277 2226 1366 2306 pote-

220 2330 322 2409 statis,
351 2330 432 2395 alius
462 2349 535 2415 ergo
564 2329 643 2394 deus
672 2329 817 2409 credidit,
842 2330 925 2395 alius
953 2330 1133 2395 releuauit?
1157 2328 1239 2394 unde
1262 2330 1366 2393 incur-

218 2439 303 2503 ruut.
331 2440 368 2501 ut
394 2436 633 2502 Manicheorum
662 2436 827 2519 perfidiam
855 2456 916 2501 nou
945 2437 1091 2504 enadaut.
1121 2436 1233 2501 deinde
1265 2456 1364 2501 uuum

219 2542 349 2609 dicendo
371 2544 491 2609 bouum
515 2542 609 2611 deum
633 2543 803 2607 aduenam
826 2563 906 2626 quos
929 2546 1062 2626 laqueos
1086 2542 1262 2608 dementiae
1289 2562 1365 2607 suae

173 2676 201 2716 ao
218 2650 369 2717 incidant.
399 2650 428 2714 si
454 2652 557 2716 bonus
587 2653 638 2715 est
665 2650 720 2733 qui
748 2650 892 2727 credidit,
923 2650 1080 2733 quomodo
1104 2670 1165 2715 non
1190 2654 1240 2713 est
1262 2651 1364 2715 bonus

220 2756 274 2839 qui
301 2757 479 2821 relaxauit?
513 2777 587 2841 ergo
622 2776 694 2821 cum
722 2755 789 2820 illis
825 2760 946 2840 partem
975 2757 1113 2821 habeant
1139 2756 1258 2835 Ariani,
1292 2776 1365 2821 cum

219 2882 353 2945 quorum
386 2863 564 2928 adsertione
598 2862 800 2929 conueniunt.
835 2881 893 2926 nec
925 2862 1042 2927 mirum
1070 2864 1098 2927 si
1126 2864 1153 2927 is
1182 2862 1236 2945 qui
1265 2865 1365 2928 semel
1393 2866 1414 2923 c

129 2976 172 3041 73
219 2968 346 3033 deuiare
374 2970 481 3053 coepit
507 2990 525 3034 a
552 2989 628 3035 uero
656 2970 789 3033 nexibus
818 2988 852 3034 se
881 2969 975 3033 alieni
1003 2970 1115 3035 erroris
1143 2969 1298 3035 inuoluat.
1333 2974 1365 3035 et

308 3158 411 3215 2Gen.
431 3160 456 3226 2,
477 3163 509 3215 17
565 3160 722 3225 ertone,
743 3160 777 3214 12
834 3160 866 3215 13
886 3160 949 3215 Luc.
970 3162 995 3223 5,
1014 3161 1049 3215 20
1114 3159 1364 3225 18More10,1e

254 3284 270 3339 3
288 3284 394 3355 iignum
414 3289 504 3339 autem
523 3284 569 3350 P‘;
583 3284 661 3343 <sed>
674 3284 779 3354 lignem
795 3285 931 3339 Erasmus
985 3286 1001 3338 4
1022 3284 1092 3338 enim
1112 3301 1162 3338 om.
1177 3283 1285 3348 BT‘B',
1299 3300 1363 3353 ergo

217 3370 247 3425 D
266 3372 352 3426 omnis
370 3372 406 3426 P‘
460 3375 476 3428 7
497 3378 654 3427 contraxere
678 3373 735 3427 TN
750 3374 927 3428 contraxerim
947 3380 995 3428 cet.
1050 3376 1066 3427 9
1085 3374 1162 3445 ianus
1184 3374 1241 3427 TN
1255 3372 1319 3445 signu
1337 3375 1364 3427 Β

217 3459 294 3513 senus
314 3466 361 3515 cet.
433 3460 487 3515 fide
505 3462 562 3516 TN
576 3462 644 3516 fides
659 3467 706 3515 cet.
780 3463 857 3531 potui
875 3462 931 3516 TN
942 3462 1093 3532 potuitcet.
1152 3463 1184 3517 10
1204 3462 1364 3533 agnouimus

218 3548 360 3613 creditum,
380 3566 558 3619 agnoscamus
583 3550 665 3604 etiam
685 3550 855 3604 creditorem.
880 3552 1021 3605 creditoris
1043 3567 1139 3620 nempe
1163 3550 1219 3605 TN
1233 3568 1364 3621 agnosca·

217 3654 275 3691 mue
300 3638 383 3691 etiam
408 3638 577 3703 creditorem,
602 3641 762 3709 agnouimus
787 3638 937 3695 debitorem
961 3644 1023 3707 (orn.
1048 3639 1199 3707 creditoris)
1222 3656 1318 3710 nempe
1340 3638 1364 3693 X

218 3726 350 3780 creditum
370 3744 556 3796 agnoscamus,
576 3730 641 3799 quia
659 3728 713 3781 iam
734 3729 892 3782 creditorem
912 3730 1081 3799 agnouimus.
1105 3729 1245 3785 creditoris
1265 3731 1364 3799 quippe

216 3812 246 3865 D
265 3813 397 3868 creditum
416 3816 586 3883 agnouimus,
606 3832 784 3885 agnoscemus
804 3816 886 3870 etiam
906 3817 1074 3871 creditorem.
1098 3818 1259 3887 agnouimus
1279 3817 1364 3872 credi-

217 3903 283 3955 toris
301 3920 398 3973 nempe
412 3905 440 3957 Ρ
458 3905 588 3959 creditum
609 3905 780 3975 agnouimus,
796 3922 974 3975 agnoscamus
994 3908 1075 3961 etiam
1091 3906 1258 3961 creditorem.
1279 3906 1364 3961 credi·

215 3991 283 4044 toris
302 4008 400 4061 nempe
418 3993 453 4046 Μ
509 3995 542 4048 13
560 3994 629 4047 mihi
647 4010 698 4048 om.
717 3992 789 4046 B‘P
846 3996 878 4048 14
898 3996 976 4065 uenis
995 4012 1157 4065 recognosco
1180 3995 1237 4049 TN
1252 4001 1276 4049 et
1295 3996 1321 4066 (p
1335 4011 1363 4049 re

215 4079 247 4132 in
264 4084 333 4147 roe.)
348 4080 385 4134 M
400 4082 494 4135 uenire
513 4087 706 4153 cognosceret.
764 4083 797 4135 17
816 4082 887 4135 unde
907 4083 1041 4137 etDPM
1091 4084 1126 4137 20
1144 4100 1198 4136 non
1216 4083 1302 4136 bonus
1322 4088 1364 4136 est

216 4168 338 4239 ¹,pbonus
356 4186 411 4223 non
431 4174 473 4224 cet
492 4171 528 4225 M
652 4172 683 4225 21
714 4171 743 4224 iu
763 4188 874 4241 quorum
899 4174 1048 4226 assertione
1068 4171 1256 4237 (assertionem
1274 4170 1320 4239 P)
1339 4170 1364 4224 X

216 4257 250 4310 22
269 4258 434 4313 conueniunt
456 4259 513 4314 TN
527 4260 692 4331 perueniunt
710 4264 757 4314 cet.
814 4260 848 4314 23
866 4260 963 4331 incipit
981 4260 1053 4313 B'P‘
1125 4260 1221 4315 alienis
1242 4262 1303 4327 (om.
1324 4276 1363 4313 er·

216 4346 294 4415 reris)
312 4346 384 4401 B'P‘
