3100 4967
278 456 319 509 De
334 454 468 525 interpell.
479 453 526 508 lob
543 458 571 507 ab
579 454 671 507 Dauid
681 453 723 507 Ill
733 453 812 524 (llll)
822 455 847 519 3,
858 452 928 509 6-9
949 455 973 523 (Ι
982 455 1035 509 664
1046 453 1156 509 0-665
1167 454 1208 524 C).
1247 458 1313 521 253

165 654 336 735 resurgunt
359 669 432 714 oum
457 668 492 715 eo
518 668 654 732 quorum
678 669 762 715 mors
786 650 936 733 pessima,
961 650 1047 714 sieut
1070 651 1313 732 scriptumest:

166 778 264 823 mors
288 760 529 840 peccatorum
554 757 729 839 pessima.
755 758 809 839 qui
834 760 939 821 autem
961 757 1089 822 Christe
1109 759 1315 822 commoritur

167 868 199 930 et
231 865 446 946 consepelitur
478 883 551 928 cum
583 863 639 928 ille
672 882 733 929 uon
768 866 873 929 solum
906 865 1088 943 reclinatur,
1122 864 1179 929 aed
1216 866 1313 929 etiam

166 972 385 1037 resuscitatur.
411 972 449 1035 de
474 989 536 1054 quo
560 971 692 1052 pulchre
715 971 797 1035 illud
821 972 970 1035 conuenit
997 971 1138 1037 dictum:
1167 972 1314 1036 uniuer-

134 1100 246 1145 osum
280 1081 442 1143 atratum
476 1078 645 1142 uersasti
677 1078 714 1142 in
742 1077 972 1142 infirmitate
1000 1078 1093 1157 eius,
1121 1078 1258 1142 marimo
1286 1078 1313 1141 ai

166 1190 283 1269 martyr
315 1186 366 1262 sit,
401 1186 492 1249 euius
525 1183 693 1249 infirmitas
726 1185 875 1267 passione
908 1185 1055 1263 soluitur,
1088 1204 1174 1249 mors
1212 1203 1315 1249 resur-

165 1293 312 1358 mmmm

76 1397 95 1460 8
210 1399 359 1465 Uidimus
386 1398 479 1463 illum
508 1398 652 1475 diuitem,
682 1399 736 1481 qui
763 1398 896 1463 indutus
923 1416 1064 1480 purpura
1091 1400 1124 1463 et
1150 1398 1247 1481 bysso
1280 1399 1413 1461 11166511

165 1506 226 1571 heo
254 1505 381 1571 saeculo
408 1505 615 1569 recumbebat
643 1508 675 1569 et
702 1504 893 1587 epulabatur
920 1504 1051 1569 cottidie
1075 1504 1250 1587 splendide,
1275 1504 1314 1568 de

121 1635 147 1674 ιο
166 1613 257 1677 euius
281 1630 392 1677 mensa
414 1631 495 1694 quae
517 1612 676 1677 cadebant
697 1630 819 1694 pauper
840 1613 978 1676 Lazarus
1002 1611 1185 1695 colligebat,
1206 1630 1314 1693 quem·

167 1718 337 1785 admodum
369 1719 400 1783 in
433 1719 600 1783 tormentis
632 1720 758 1801 positus
791 1718 822 1781 in
856 1718 977 1783 inferno
1011 1736 1045 1783 oe
1071 1718 1224 1782 reclinare
1252 1736 1313 1782 non

165 1828 299 1908 poterat,
324 1824 380 1889 sed
403 1824 456 1888 uir
481 1825 520 1888 ad
542 1824 701 1888 Abraham
725 1842 788 1888 non
811 1827 917 1889 totum
942 1844 986 1902 se,
1012 1824 1068 1889 aed
1092 1825 1178 1889 solos
1203 1827 1315 1889 oculos

167 1933 310 2016 erigebat
332 1950 448 2015 rogans
472 1935 510 1995 ut
532 1932 675 1995 mitteret
697 1931 862 2010 Lazamm,
883 1932 938 2013 qui
956 1934 1131 1996 extremum
1151 1930 1243 2015 digiti
1263 1932 1315 1995 sui

165 2040 198 2103 in
223 2058 336 2121 aquam
360 2039 521 2123 tingueret
543 2042 575 2103 et
597 2038 739 2123 linguam
764 2040 834 2103 eiua
857 2038 1067 2121 refrigeraret.
1098 2057 1173 2121 crgo
1201 2038 1313 2103 morti

121 2170 147 2211 re
166 2146 371 2210 reclinatio
401 2165 471 2210 non
502 2151 578 2223 erat,
607 2164 673 2209 nec
702 2145 983 2209 firmamentum
1011 2144 1047 2208 in
1076 2146 1190 2229 plaga
1219 2145 1311 2210 eiua.
1340 2153 1363 2207 Β

75 2251 95 2313 9
167 2252 246 2317 nihil
273 2252 358 2315 enim
385 2256 520 2333 prosunt
542 2252 668 2336 flagella
690 2254 932 2334 postmortem.
957 2255 990 2315 et
1013 2250 1084 2315 ideo
1107 2251 1214 2315 Dauid
1237 2252 1312 2315 dum

167 2361 253 2423 esset
283 2358 316 2422 iu
348 2358 444 2423 istius
478 2359 617 2441 corporis
650 2358 728 2437 uita,
756 2358 788 2421 in
816 2358 944 2440 flagella
971 2377 1005 2422 ee
1032 2358 1249 2440 praeparabat,
1277 2362 1315 2421 ut

167 2484 240 2529 eum
274 2464 421 2530 domiuus
453 2464 608 2547 reciperet
641 2464 844 2548 castigatum.
882 2464 1048 2528 considera
1082 2464 1198 2528 iterum
1235 2464 1315 2528 mihi

167 2574 313 2637 sanctum
349 2571 417 2649 lob,
451 2572 505 2654 qui
537 2572 684 2654 perfusus
717 2574 787 2635 erat
817 2571 979 2635 ulceribus
1011 2575 1044 2635 et
1076 2570 1316 2635 concutiebatur
1354 2655 1358 2664 ι

120 2706 148 2746 ao
168 2680 314 2744 omuibus
338 2679 489 2743 membris
513 2682 545 2743 et
568 2679 681 2761 plenus
706 2682 773 2743 erat
791 2678 892 2743 totius
912 2678 1051 2762 corporis
1071 2679 1122 2742 oui
1141 2677 1314 2755 doloribus,

168 2785 298 2869 glaebae
325 2787 428 2849 terrae
455 2786 624 2849 uulnerum
654 2804 786 2850 suorum
814 2786 901 2849 sanie
929 2788 962 2849 et
988 2804 1098 2849 umore
1122 2784 1314 2861 dissoluens,

168 2892 436 2973 quemadmodum
465 2912 538 2958 cum
567 2912 601 2957 sc
627 2893 659 2957 in
687 2891 747 2957 hoo
772 2910 901 2974 corpore
924 2892 1049 2974 positus
1073 2891 1224 2955 reclinare
1252 2910 1314 2955 non
1343 2900 1364 2956 c

168 3002 286 3083 posset,
314 3000 457 3081 requiem
481 2998 593 3063 mortis
616 2998 783 3063 inuenerit.
807 2998 943 3079 ideoque
966 2996 1115 3063 conscius
1139 2997 1190 3061 aui
1217 2997 1313 3060 dixit:

167 3125 266 3170 more
295 3106 377 3171 uiro
404 3106 567 3189 requies.
596 3106 624 3171 ia
653 3105 754 3189 igitur
779 3106 812 3169 in
840 3107 935 3189 plaga
962 3124 1023 3169 non
1052 3109 1160 3170 metuo
1184 3108 1315 3169 estnec

122 3240 149 3281 aa
168 3212 296 3277 notauit
328 3214 482 3279 sermonis
517 3213 567 3281 eui
599 3212 733 3289 lubrico,
772 3214 826 3294 qui
862 3213 895 3277 in
933 3212 1080 3278 omnibus
1116 3212 1183 3276 illis
1219 3210 1316 3275 nihil

167 3319 345 3401 peccauit
377 3319 492 3383 labiis
526 3320 618 3398 suia,
652 3320 738 3385 sicut
766 3319 924 3402 scriptura
951 3320 1099 3397 testatur,
1129 3318 1183 3382 sed
1212 3317 1315 3400 magia

167 3426 281 3509 plagae
310 3444 385 3490 sune
414 3426 553 3509 repperit
580 3425 826 3505 firmamentum,
854 3444 910 3509 per
937 3444 1032 3507 quam
1057 3423 1259 3489 confirmatus
1283 3424 1315 3487 iu

258 3538 392 3621 imam.
412 3564 529 3619 xxrru
550 3568 584 3620 aa
603 3566 631 3620 11
651 3566 711 3621 cor.
733 3568 757 3627 1,
777 3568 794 3620 a
813 3566 890 3621 uem.
911 3568 937 3631 e,
955 3567 973 3619 4
1026 3564 1162 3618 ursaia.
1182 3563 1316 3617 xxxxi

168 3652 268 3707 etue.
290 3654 330 3717 16,
353 3654 458 3707 19-24
528 3655 560 3708 14
579 3654 680 3708 Psalm.
700 3653 838 3707 Lxxnc
872 3655 940 3741 ι19
959 3653 1008 3707 Iob
1027 3656 1053 3716 2,
1074 3655 1089 3707 7
1109 3670 1148 3723 oq.
1213 3652 1316 3707 2410o

170 3741 506 3807 mammam

206 3848 311 3902 lsicut
329 3864 380 3903 em.
400 3848 428 3900 B
482 3850 691 3904 2commoritur
708 3849 736 3902 P
754 3854 781 3914 (o
795 3866 841 3918 pr.
860 3865 893 3903 cc
912 3857 940 3914 u)
959 3848 1116 3903 moriturB
1173 3848 1318 3918 41111111-

170 3938 232 3991 obre
246 3937 310 3991 ΒΡ
366 3940 382 3993 6
402 3938 492 3991 caicus
506 3938 533 3991 P
552 3939 573 4003 (i
593 3940 711 4007 longum,
732 3940 741 3991 i
760 3939 843 4005 erac.)
897 3940 915 3991 9
934 3936 1077 4009 splendide
1091 3938 1120 3991 P
1137 3938 1165 4005 (d
1181 3938 1230 3992 alt.
1245 3955 1281 3992 ea
1294 3942 1317 4003 t)

171 4026 380 4081 1auix-ab13
462 4030 680 4091 setotummm.
700 4027 805 4093 aedili
887 4042 955 4081 seo.
975 4044 1002 4080 u.
1023 4026 1050 4079 P
1123 4028 1156 4082 14
1175 4026 1318 4097 aquamB

170 4130 242 4184 aqua
259 4120 306 4169 cet.
379 4114 547 4183 intingueret
564 4116 656 4171 DP‘O
726 4116 802 4170 illiue
821 4133 886 4185 ergo
905 4116 932 4168 B
988 4116 1021 4170 15
1040 4117 1068 4169 in
1085 4116 1169 4186 plaga
1187 4132 1238 4169 ona.
1252 4114 1317 4169 DP

170 4204 205 4258 23
224 4206 319 4274 porect
335 4204 364 4258 P
382 4207 407 4269 (e
427 4221 460 4258 ec
478 4205 499 4273 i)
581 4204 642 4259 ideo
664 4208 725 4273 (om.
746 4209 810 4274 que)
829 4206 857 4259 B
941 4206 1082 4260 conscium
1100 4205 1128 4259 P
1146 4206 1174 4271 (u
1189 4220 1234 4272 pr.
1254 4203 1317 4271 del.)

171 4294 205 4347 24
222 4293 331 4362 requies
350 4293 456 4347 uiroG
534 4293 577 4347 bio
595 4294 648 4348 Po
727 4296 806 4363 placa
823 4294 852 4347 P
909 4297 943 4350 25
961 4295 1072 4349 notauit
1092 4294 1116 4346 B
1134 4294 1253 4347 mutauit
1271 4299 1318 4347 cet.

170 4382 203 4435 27
223 4382 364 4452 repetierit
381 4382 446 4436 DP‘
