3100 4967
274 452 316 516 20
745 446 942 501 Ambrosii

222 649 262 712 25
319 644 381 711 Sed
409 642 527 710 uereris
555 642 669 708 dubios
697 643 784 707 uitae
813 644 973 706 anfractus
1004 646 1036 706 et
1068 640 1242 706 aduersarii
1273 639 1417 715 insidias,

274 771 348 816 oum
379 752 496 815 habeas
525 750 679 814 auxilium
707 748 766 825 dei,
796 749 913 814 habeas
941 752 1062 813 tantam
1092 749 1161 813 eius
1191 746 1419 832 dignationem,

274 860 312 923 ut
332 857 398 923 filio
422 857 548 941 proprio
571 860 683 939 prote
706 875 768 921 non
791 855 987 938 pepercerit?
1010 856 1143 940 pulchro
1166 855 1264 919 uerbo
1288 872 1348 917 usa
1370 858 1421 918 est

275 964 441 1048 scriptura,
469 967 506 1028 ut
534 964 584 1027 dei
611 963 710 1048 patris
740 983 815 1047 erga
841 967 874 1027 te
897 964 987 1046 pium
1009 962 1211 1046 propositum
1234 960 1419 1034 declararet,

274 1072 329 1155 qui
357 1070 451 1135 morti
480 1070 599 1134 obtulit
624 1068 736 1133 filium.
765 1073 798 1133 et
825 1070 911 1133 iilius
934 1070 1046 1133 mortis
1071 1067 1277 1133 acerbitatem
1301 1067 1419 1131 sentiro
1448 1090 1460 1128 s

273 1199 335 1244 non
367 1178 482 1260 potuit,
516 1176 599 1259 quod
632 1177 663 1241 in
696 1180 786 1259 patre
817 1177 897 1240 luit:
931 1176 1012 1241 nihil
1044 1176 1107 1240 sibi
1138 1175 1276 1257 reliquit,
1313 1176 1419 1239 totum
1460 1176 1525 1231 4531

272 1304 328 1368 pro
353 1288 384 1350 te
409 1284 537 1361 obtulit,
558 1283 641 1366 quod
658 1283 691 1347 in
710 1283 906 1366 plenitudine
926 1283 1104 1348 diuinitatis
1123 1281 1204 1346 nihil
1222 1282 1291 1364 ipse
1311 1281 1420 1345 amisit

275 1396 307 1456 et
333 1395 366 1457 te
394 1390 538 1455 redemit.
569 1390 732 1455 considera
760 1389 908 1455 affectum
932 1390 1081 1474 patrium.
1107 1389 1191 1472 qnod
1213 1388 1344 1470 pietatis
1369 1390 1420 1452 est

274 1500 365 1583 quasi
393 1498 537 1563 morituri
565 1496 624 1561 filii
648 1498 791 1580 suscepit
813 1496 1001 1580 periculum,
1026 1496 1118 1578 qnasi
1141 1495 1286 1560 orbitatis
1310 1494 1420 1558 hausit

272 1605 426 1683 dolorem,
459 1624 497 1669 ne
531 1604 589 1668 tibi
621 1604 738 1687 periret
769 1605 892 1668 fructus
925 1602 1162 1686 redemptionis.
1194 1605 1319 1666 tantum
1355 1600 1419 1664 fnit
1437 1622 1460 1659 n

273 1713 400 1778 domino
425 1711 569 1777 studium
591 1716 665 1776 tuae
690 1710 815 1789 salutis,
839 1713 877 1774 ut
898 1709 1126 1793 propemodum
1150 1708 1189 1773 de
1211 1728 1270 1773 suo
1292 1706 1418 1791 pericli-

274 1823 403 1895 taretur,
437 1819 513 1883 dum
545 1820 577 1883 te
605 1818 791 1883 lucraretur.
820 1816 875 1882 ille
902 1820 1089 1900 propterte
1118 1815 1283 1899 dispendia
1309 1817 1419 1879 nostra

274 1925 425 2007 suscepit,
445 1927 482 1988 ut
505 1926 537 1988 le
562 1922 678 1987 diuinis
702 1923 864 1996 insereret,
889 1923 1082 1987 caelestibus
1106 1923 1314 1985 consecraret.
1337 1919 1418 1984 mire

274 2032 370 2097 etiam
399 2030 537 2095 addidit:
566 2050 635 2113 pro
663 2030 781 2094 nobis
811 2029 996 2095 omnibus
1024 2028 1201 2093 tradidit
1223 2026 1353 2106 illum,
1376 2030 1415 2091 ut
1471 2030 1490 2083 B

274 2137 455 2204 ostenderet
473 2137 558 2219 quod
575 2136 621 2200 ita
639 2155 748 2201 omnes
768 2136 891 2220 diligat,
910 2139 948 2201 ut
967 2134 1213 2200 dilectissimum
1233 2134 1296 2199 sibi
1313 2132 1417 2198 filium
1437 2154 1458 2194 a

272 2264 328 2327 pro
354 2244 488 2328 singulis
512 2243 660 2307 traderet.
685 2262 739 2326 pro
765 2243 882 2325 quibus
905 2242 1004 2327 igitur
1027 2242 1112 2324 quod
1131 2240 1349 2325 superomnia
1368 2243 1418 2304 est

274 2349 370 2428 dedit,
403 2352 511 2432 potest
542 2348 610 2413 fiori
637 2352 674 2412 ut
702 2368 763 2412 non
792 2348 825 2411 in
853 2348 909 2413 illo
937 2348 1088 2413 uniuersa
1116 2348 1308 2412 donauerit?
1336 2346 1418 2411 nihil

140 2524 147 2539 ι
220 2454 357 2521 26enim
385 2456 506 2539 excepit
535 2456 589 2538 qui
618 2455 757 2519 omnium
787 2454 886 2519 cessit
918 2457 1090 2519 auctorem.
1124 2454 1204 2517 nihil
1237 2456 1286 2518 est
1317 2453 1418 2537 igitur

274 2563 358 2645 quod
381 2563 489 2646 negari
512 2562 601 2627 nobis
625 2580 718 2646 posse
738 2581 915 2640 uereamur,
935 2562 1014 2626 nihil
1034 2565 1084 2625 est
1101 2561 1132 2625 in
1153 2580 1215 2643 quo
1236 2561 1273 2626 de
1292 2561 1417 2625 munifi·

274 2668 395 2735 centias
429 2669 554 2733 diuinae
588 2668 728 2733 diffidere
761 2668 996 2751 perseuerantia
1024 2668 1207 2743 debeamus,
1236 2668 1327 2732 cuins
1355 2667 1417 2732 fuit
1434 2686 1457 2725 a
1527 2733 1528 2742 ,

272 2780 338 2841 tarn
362 2776 510 2841 diuturna
534 2778 565 2841 et
586 2774 672 2859 iugis
691 2776 831 2852 ubertas,
850 2779 888 2839 ut
905 2776 1007 2859 primo
1026 2775 1285 2858 praedestinaret,
1305 2772 1416 2838 deinde
1474 2776 1491 2830 C

272 2885 402 2949 uocaret
426 2886 458 2947 et
480 2902 559 2965 quos
583 2885 714 2947 uocaret
735 2882 794 2947 hos
819 2885 852 2947 et
872 2882 1060 2947 iustificaret
1079 2885 1111 2945 et
1130 2900 1210 2965 quos
1229 2880 1417 2946 iustificaret

272 2990 330 3055 hos
355 2992 387 3053 et
410 2988 605 3054 clarificaret.
629 2990 745 3073 poterit
769 2989 912 3054 deserere
937 3007 1016 3071 quos
1040 2988 1139 3053 tantis
1163 2987 1325 3052 beneficiis
1350 2987 1416 3052 suis

272 3114 374 3179 usque
399 3096 439 3161 ad
460 3096 598 3179 praemia
620 3100 811 3178 prosecutus
836 3094 910 3161 est?
932 3096 1015 3159 inter
1031 3097 1081 3159 tot
1098 3093 1253 3159 beneficia
1271 3093 1323 3158 dei
1340 3114 1416 3158 num
1527 3085 1528 3096 ’

271 3202 459 3267 metuendae
485 3205 559 3268 sunt
582 3202 705 3285 aliquae
730 3202 927 3266 accusatoris
950 3201 1110 3267 insidiae?
1134 3201 1191 3265 sed
1210 3201 1281 3283 quis
1302 3201 1417 3267 audeat
1432 3213 1458 3252 ²⁵
1527 3251 1528 3274 2

361 3394 468 3449 3Rom.
483 3394 508 3455 8.
524 3396 558 3449 32
604 3394 809 3457 ‘lColoss2‚9
857 3394 1154 3461 reclamasse
1201 3396 1232 3449 21
1249 3395 1328 3449 Rom.
1343 3394 1368 3459 8,
1382 3394 1416 3447 30

308 3532 481 3588 lanlructns
501 3538 581 3599 (corr.
600 3538 658 3599 aava)
678 3534 733 3588 ΑΡ
821 3535 982 3590 2aneilium
1001 3536 1027 3588 A
1105 3522 1157 3589 iii
1170 3536 1291 3589 emar
1357 3540 1416 3590 tan·

270 3626 329 3676 tum
347 3623 375 3675 A
395 3626 422 3691 (n
439 3639 460 3677 o.
480 3639 497 3676 n
515 3626 571 3688 m2)
654 3622 868 3694 --dignstionem
888 3626 927 3691 (in
946 3629 1027 3691 eros.)
1048 3626 1104 3679 AP
1156 3626 1255 3678 3uero
1274 3626 1302 3679 A
1322 3629 1354 3691 (a.
1371 3629 1418 3680 m2

270 3711 284 3764 l
303 3710 395 3777 uerbo)
486 3713 503 3765 4
523 3712 670 3781 scripturae
683 3712 710 3765 A
796 3715 812 3767 5
832 3713 935 3767 obtulit
952 3714 1037 3767 filiurn
1048 3758 1054 3769 .
1066 3714 1213 3782 ..reliquit
1230 3730 1282 3767 om.
1307 3713 1369 3779 VN,
1386 3716 1418 3769 ia

270 3800 370 3871 paribus
392 3817 439 3871 pro
463 3802 491 3853 te
514 3802 616 3866 totum3
635 3808 701 3869 poet
722 3803 804 3855 morti
828 3803 893 3858 odd.
917 3820 964 3873 pro
987 3807 1016 3857 te
1034 3807 1123 3857 toturn
1142 3802 1244 3857 obtulit
1265 3803 1297 3868 Τ,
1315 3804 1349 3856 io
1366 3820 1418 3873 quo

272 3907 323 3945 oro.
342 3888 445 3943 obtulit
462 3888 547 3942 filium
559 3931 564 3942 .
576 3932 583 3945 .
595 3893 699 3943 ,totum
718 3908 766 3961 pro
786 3896 814 3945 te
833 3893 941 3956 obtulit,
960 3892 1009 3946 sed
1027 3893 1093 3946 add.
1112 3892 1180 3945 haec
1196 3891 1229 3945 ia
1246 3908 1297 3963 erp.
1335 3892 1417 3948 lisibi

271 3978 384 4031 APDT
400 3978 452 4032 sibi
471 3978 529 4047 ipse
548 3983 595 4034 cet.
669 3980 700 4033 11
721 3980 922 4049 periclitaretur
939 3980 967 4033 P
983 3981 1004 4051 (i
1018 3998 1064 4050 pr.
1083 3998 1117 4035 ea
1135 3997 1150 4034 o
1167 3983 1226 4046 m2)
1301 3982 1336 4036 12
1355 3982 1417 4035 dam

271 4066 304 4121 de
323 4067 396 4120 teA
417 4066 461 4133 (de
481 4068 532 4120 del.
551 4070 608 4133 m2)
629 4068 656 4120 P
719 4070 750 4122 17
770 4086 863 4123 nono.
882 4086 910 4123 u.
929 4074 977 4122 m2
994 4070 1029 4132 A,
1050 4087 1100 4126 om.
1119 4069 1148 4123 P
1206 4068 1240 4123 18
1259 4071 1416 4124 excessitA

271 4157 404 4210 concessit
422 4156 462 4209 ed.
482 4156 562 4210 Rosa.
609 4157 642 4211 19
661 4173 739 4227 posse
759 4158 837 4211 nobis
855 4158 894 4211 N'
939 4158 973 4211 21
993 4161 1101 4211 tanturn
1119 4159 1147 4210 A
1166 4161 1199 4223 (o.
1217 4161 1263 4212 mss
1279 4159 1293 4212 l
1311 4159 1418 4224 tam)P

271 4272 305 4325 22
326 4274 353 4324 et
373 4289 438 4341 quos
458 4274 698 4343 uocaret...quos
717 4273 879 4328 iustificaret
896 4273 1022 4341 infror‘n
1035 4276 1124 4344 ηιμ
1160 4274 1195 4327 24
1209 4240 1417 4345 numlletnendp
1527 4338 1528 4341 Ἴ

271 4360 307 4431 (nr
327 4376 347 4414 s.
366 4378 394 4415 u.
413 4360 471 4431 raab)
490 4360 517 4415 P
534 4362 744 4431 nummetncnde
763 4365 812 4428 (nn
830 4368 856 4416 et
872 4380 899 4416 m
919 4364 968 4417 alt.
987 4363 1020 4417 ira
1037 4366 1105 4430 roe.)
1124 4364 1152 4417 A
