3100 4967
213 446 275 509 XII
675 442 902 497 Praefatio.

213 638 288 703 bino
313 637 525 703 dedicauerat.
539 636 564 722 ¹)
589 655 625 701 ac
649 655 723 702 sane
741 636 947 701 memorabile
966 640 1017 701 est
1034 638 1238 703 Ambrosium
1257 640 1364 721 ipsum

214 745 298 809 huno
321 744 466 809 libellum
495 748 527 809 et
555 744 710 808 breuitate
738 747 771 809 et
799 744 1024 810 commoditate
1049 746 1187 811 habilem
1211 747 1362 811 orationis

213 850 380 935 fingendae
408 853 441 915 et
470 850 625 915 ornandae
649 869 746 915 causa
769 850 940 935 diligenter
962 852 1134 918 euoluisse.
1159 871 1232 917 cnm
1257 857 1363 917 autem

214 957 410 1039 probabilius
440 958 483 1022 sit
510 961 654 1041 excerpta
681 958 738 1021 illa
765 977 802 1022 en
826 958 1008 1041 Symmachi
1035 960 1175 1025 oratione
1203 958 1243 1023 ad
1265 960 1364 1023 'lheo-

213 1064 340 1129 dosium
360 1066 545 1149 Augustum
568 1064 677 1129 habita
700 1084 782 1147 qnae
807 1065 890 1148 apud
909 1065 1066 1131 Messium
1089 1065 1239 1150 leguntur
1256 1065 1363 1148 potins

214 1190 250 1235 en
264 1170 453 1255 panegyrico
470 1170 549 1235 eius.
561 1190 623 1254 quo
635 1171 817 1253 imperatori
833 1190 887 1255 pro
904 1173 1072 1238 consulatu
1083 1191 1110 1237 a.
1122 1171 1363 1238 CCCLXXXXI

214 1275 277 1341 sihi
287 1276 390 1342 delato
402 1277 520 1361 gratias
530 1278 606 1361 egit,
615 1297 710 1359 quam
721 1297 755 1342 ex
767 1278 976 1363 apologetico,
986 1299 1046 1361 quo
1055 1298 1082 1343 a.
1092 1277 1364 1344 ccclxxxviii

213 1384 345 1449 exeunte
371 1402 405 1448 se
429 1383 559 1449 crimine
582 1385 764 1468 panegyrici
788 1384 820 1449 iu
842 1385 973 1451 Maximi
1005 1387 1154 1451 honorem
1182 1385 1259 1450 dicti
1290 1403 1362 1468 pur-

213 1508 287 1573 gare
303 1488 437 1566 studuit,
454 1490 570 1555 hausta
588 1510 669 1570 esse,
682 1490 708 1578 ²)
727 1493 868 1575 proxime
887 1492 927 1557 ad
945 1512 1056 1557 uemm
1070 1490 1218 1557 accedere
1234 1490 1363 1554 uidetur

214 1594 325 1661 Messii
356 1595 474 1660 librum
507 1615 568 1662 non
597 1597 698 1663 multo
727 1602 802 1681 post
828 1618 944 1665 annum
974 1598 1213 1665 CCCLXXXXI
1240 1596 1360 1661 editum

213 1721 314 1785 neque
334 1703 428 1785 longo
448 1702 600 1785 temporis
620 1703 789 1769 interuallo
809 1704 848 1769 ab
867 1724 905 1769 eo
923 1705 1069 1770 libellum
1089 1706 1128 1770 de
1146 1704 1224 1789 suga
1242 1704 1362 1769 saeculi

213 1810 393 1873 seiunctum
417 1806 536 1895 esse.³)
571 1828 731 1875 sermones
765 1811 810 1875 de
842 1812 1186 1895 interpellatione
1219 1810 1288 1875 Iob
1322 1814 1362 1874 et

214 1915 344 1980 Dauid
368 1916 506 1980 Mancini
526 1933 604 1981 anno
625 1914 867 1982 CCCLXXXIII
887 1917 1111 1982 adscribendos
1128 1936 1198 1982 esse
1222 1920 1360 1982 censent.

214 2022 332 2086 etenim
374 2042 454 2087 anno
492 2026 575 2087 certe
613 2022 880 2100 CCCLXXXVIL
918 2042 980 2104 quo
1018 2023 1189 2089 Theodosii
1229 2023 1361 2105 eiusque

212 2126 352 2192 familiae
387 2128 543 2213 imagines
579 2128 610 2193 in
648 2129 794 2212 populari
832 2129 987 2194 seditione
1021 2130 1060 2193 ab
1091 2130 1362 2195 Antiochensibus

213 2252 342 2299 euersae
371 2236 456 2312 sunt,
486 2235 664 2318 superiores
693 2255 747 2301 eos
776 2255 857 2316 esse,
882 2256 953 2300 cum
983 2257 1020 2302 ea
1046 2256 1126 2320 qnae
1150 2238 1225 2314 262,
1252 2239 1293 2302 10
1316 2237 1359 2301 le-

213 2342 345 2423 guntur:
365 2340 449 2405 ‘uide
468 2341 734 2424 quemadmodum
754 2342 785 2406 in
806 2343 992 2407 ciuitatibus
1010 2343 1164 2408 bonorum
1182 2343 1359 2426 principum

212 2447 366 2531 imagines
389 2451 602 2530 perseuerenl,
627 2447 790 2514 deleantur
812 2449 968 2534 imagines
990 2452 1205 2533 tyrannornm‘
1229 2450 1266 2514 ab
1286 2450 1359 2514 Am·

213 2554 329 2632 brasio,
354 2573 496 2619 summae
529 2554 713 2639 prudentiae
745 2556 826 2634 uiro,
849 2559 924 2640 post
955 2556 1038 2621 hunc
1067 2575 1183 2621 annum
1212 2555 1274 2620 dici
1297 2576 1358 2622 non

211 2660 443 2745 potuerintne
476 2660 685 2744 imperatoris,
715 2662 766 2726 cui
798 2662 1003 2745 praecipuum
1035 2662 1188 2727 honorem
1219 2662 1358 2730 haberet.

211 2766 330 2831 uulnus
355 2766 595 2833 acerbissimum
619 2768 789 2832 refricaret.
814 2787 909 2851 quam
929 2768 968 2834 ob
987 2788 1052 2833 rem
1073 2788 1110 2833 ea
1131 2769 1228 2833 uerba
1250 2769 1357 2851 potius

212 2875 250 2940 ad
274 2893 388 2939 annum
414 2874 666 2953 CCCLXXXIII,
687 2893 749 2957 quo
770 2874 941 2940 Gratianus
964 2875 1089 2940 occisus
1114 2879 1173 2953 est,
1197 2874 1358 2940 referenda

257 3154 277 3225 ¹)
296 3154 372 3209 ouius
390 3156 429 3209 rei
447 3154 527 3209 testis
546 3156 588 3207 est
602 3154 743 3224 catalogus
761 3154 790 3207 in
809 3154 901 3209 codice
914 3154 1092 3220 Berolineusi,
1112 3155 1175 3208 olim
1191 3156 1356 3211 Santeniano

210 3244 253 3305 66,
273 3242 373 3295 saeculi
392 3241 482 3305 VIIII,
502 3246 634 3305 seruatus,
653 3242 682 3297 in
702 3258 755 3311 qno
773 3242 842 3297 haec
860 3242 1001 3312 leguntur:
1021 3242 1129 3314 ‘Incipit
1141 3244 1223 3298 messi
1242 3246 1357 3299 oratoris

210 3330 243 3385 de
267 3329 594 3400 elocutionibusolybrio
620 3332 647 3384 et
670 3330 784 3400 probino
803 3331 938 3395 messius'3
959 3330 992 3384 ci.
1011 3330 1116 3384 Becker
1134 3330 1193 3387 cat.
1213 3332 1279 3387 bibl.
1300 3340 1356 3391 ant.

209 3418 254 3477 20.
274 3418 316 3472 12.
919 3470 924 3477 .

256 3505 277 3575 ²)
297 3507 330 3561 cf.
351 3506 459 3561 Seeckii
477 3506 604 3577 Prolegg.
623 3506 658 3560 ad
679 3507 866 3577 Symmachum
886 3525 912 3577 p.
930 3508 969 3563 Vl
989 3508 1051 3563 adn.
1071 3512 1113 3564 11.

255 3595 276 3663 ³)
296 3612 365 3664 quae
383 3594 411 3649 in
431 3594 523 3649 ecdico
538 3594 703 3649 Santoniano
721 3596 851 3665 leguntur
868 3596 936 3650 mihi
954 3597 1074 3652 indicare
1092 3598 1222 3652 uidentur
1241 3600 1267 3653 in
1285 3600 1355 3653 libro
1394 3646 1401 3666 ,

208 3685 257 3739 illo
276 3686 348 3754 regis
366 3684 564 3755 Francognllici
577 3684 704 3738 drusiani
723 3685 852 3755 opusculo
872 3686 1017 3754 epistulam
1037 3703 1091 3756 qua
1108 3687 1155 3741 ille
1171 3686 1312 3758 Olybrium
1328 3693 1357 3744 et

208 3774 355 3827 Probinnm
375 3773 518 3827 adlocutus
538 3776 580 3827 est
597 3774 771 3843 praemissam
791 3774 883 3829 fuisse.
902 3791 1015 3844 quorum
1034 3777 1188 3831 nominibus
1207 3794 1267 3832 cum
1286 3778 1356 3832 nihil

209 3861 345 3916 adiectum
365 3863 410 3925 sit,
430 3861 570 3932 probabile
590 3865 631 3916 est
651 3879 697 3916 eos
714 3862 834 3916 nondunr
853 3864 977 3918 consules
997 3862 1154 3935 designatos
1173 3866 1265 3920 fuisse.
1284 3867 1356 3921 iutra

208 3966 292 4003 annos
311 3949 397 4019 igitur
416 3948 620 4005 cocnxxxxl
638 3955 667 4005 ct
686 3949 931 4017 econxxxxrffl
945 3952 1071 4007 drusiani
1085 3954 1207 4007 libellum
1221 3955 1249 4008 in
1264 3954 1356 4025 publi·

208 4055 267 4092 cum
286 4036 420 4108 prodiisse
439 4038 613 4093 statuendum
633 4042 682 4093 est.
698 4038 796 4108 quodsi
810 4038 937 4110 Olybrius
950 4058 979 4095 re
990 4058 1055 4095 uera
1069 4059 1092 4098 a.
1107 4041 1162 4097 fere
1178 4041 1355 4099 cccixxvr

208 4132 288 4182 natus
307 4130 349 4181 est
368 4127 411 4197 (ei.
425 4128 507 4182 Birtii
526 4129 609 4199 praef.
624 4128 658 4182 ad
678 4128 771 4184 Claud.
791 4146 817 4199 p.
835 4129 909 4196 Vll),
925 4147 949 4183 a.
964 4129 1142 4186 CCCLXXXI
1160 4131 1261 4200 agebat
1279 4137 1354 4185 aeta-

207 4216 244 4268 tis
259 4232 356 4269 annum
368 4216 491 4286 quintum
507 4215 648 4271 decimum.
663 4233 750 4286 neque
766 4216 913 4287 quidquam
929 4218 1021 4273 obstat
1035 4220 1178 4288 quominus
1191 4220 1355 4275 coniciamus

207 4321 268 4359 eum
291 4308 348 4358 tum
373 4305 452 4359 simul
477 4322 536 4360 cum
560 4304 643 4359 fratre
666 4322 682 4359 a
704 4306 836 4375 magistro
860 4308 1003 4362 diuertisse
1023 4312 1104 4377 atque
1123 4309 1195 4363 hunc
1214 4308 1355 4380 discipulis

207 4393 370 4447 abeuntibus
389 4394 572 4449 elocutionum
591 4394 713 4465 exempla
731 4394 909 4450 dedicanisae.
