3100 4967
231 462 262 525 ll
694 455 913 512 Praelatio.

231 652 347 716 ciatam
381 670 450 715 esse
483 651 641 715 uidemus.
673 650 771 715 uariis
798 648 899 734 igitur
925 650 1028 715 modis
1055 651 1119 715 iam
1141 652 1215 716 iude
1239 652 1277 716 ab
1301 652 1382 716 auti-

232 758 396 841 quissimis
428 757 625 841 temporibus
653 755 814 821 Ambrosii
846 756 1034 839 scriptiones
1067 758 1380 823 6611661666166111-

232 866 354 948 posites
392 884 462 929 esse
499 866 596 946 66161.
635 882 728 945 quam
766 863 805 927 ob
843 882 910 928 rem
947 864 1049 929 satius
1086 864 1160 929 duri
1192 865 1250 929 bos
1282 865 1379 930 libros

232 971 406 1036 secundum
431 989 504 1035 eum
527 972 707 1053 temporum
730 970 881 1046 ordinem,
905 970 959 1053 6111
983 990 1073 1036 66616
1095 971 1251 1053 6611611116
1274 970 1379 1035 defiui-

232 1082 294 1154 1111,
332 1077 496 1160 disponere
532 1078 587 1157 116,
625 1079 662 1141 ut
698 1095 859 1142 sermones
896 1077 934 1141 de
970 1077 1222 1160 interpellatione
1254 1076 1310 1141 lob
1349 1084 1381 1141 et

232 1184 339 1249 Dauid
359 1184 500 1261 ,libellus
533 1184 571 1249 de
604 1184 751 1269 apologia
778 1184 883 1248 Dauid
916 1188 1010 1266 616116
1043 1184 1127 1248 buno
1160 1186 1313 1265 opuscula
1341 1184 1379 1248 de

233 1291 336 1369 Helia,
362 1290 399 1355 de
424 1290 601 1368 Nabuthae,
627 1289 665 1354 de
689 1290 790 1355 Tobia
813 1294 1029 1372 sequerentur,

793 1725 818 1789 Ι.

278 2024 394 2089 Omnes
418 2044 497 2105 61166
522 2024 581 2088 1166
605 2024 755 2087 uolumen
780 2022 1003 2105 complectitur
1024 2023 1185 2088 Ambrosii
1207 2023 1279 2087 libri
1303 2024 1378 2105 quin

232 2152 269 2196 er
306 2130 501 2196 orationibus
540 2148 619 2213 quas
655 2129 711 2194 ille
752 2130 785 2194 in
826 2129 960 2193 basilica
995 2129 1227 2195 Mediolanensi
1267 2130 1380 2194 habuit

232 2238 408 2303 concinnati
443 2237 507 2301 sint
545 2235 683 2301 dubitari
720 2255 782 2299 non
811 2237 930 2318 potest.
972 2239 1067 2319 atque
1101 2240 1138 2300 ut
1165 2256 1184 2301 a
1209 2236 1299 2302 libris
1333 2236 1378 2301 de

231 2344 352 2409 Iacob
377 2348 409 2407 et
431 2342 499 2407 uita
523 2343 615 2407 beata
639 2342 809 2420 ordiamur,
833 2341 867 2405 id
890 2343 1111 2423 comprobatur
1134 2342 1240 2407 uerbis
1264 2364 1294 2426 p.
1323 2344 1377 2416 45,

233 2452 252 2514 9
284 2450 379 2515 ‘sicut
412 2449 529 2515 audisti
562 2450 626 2533 legi
654 2448 768 2526 hodie‘,
795 2448 910 2531 quibus
944 2449 1141 2533 significatur
1167 2469 1204 2514 eo
1234 2448 1283 2514 die
1315 2468 1377 2531 6116

232 2575 336 2621 sermo
374 2556 429 2621 ille
467 2556 596 2621 babitus
625 2558 675 2620 est
707 2554 920 2640 euangelium,
949 2575 985 2619 61
1013 2574 1075 2637 6116
1103 2555 1194 2620 166116
1220 2555 1266 2619 ibi
1294 2574 1377 2619 com·

230 2667 425 2729 memoratus
467 2663 673 2746 depromptus
712 2665 771 2737 661,
811 2662 843 2727 16
880 2662 1014 2727 66616616
1058 2664 1227 2727 recitatum
1266 2660 1377 2726 fuisse.

232 2770 356 2835 accedit
379 2769 463 2853 quod
487 2770 595 2835 eadem
619 2787 668 2833 res
694 2770 739 2835 616
765 2786 844 2851 61166
870 2771 922 2846 15,
946 2771 987 2833 21
1013 2768 1097 2833 dicta
1122 2769 1209 2833 sunt:
1233 2770 1317 2851 ‘ergo
1341 2772 1379 2831 ut

232 2876 272 2941 ad
296 2876 422 2941 exordia
449 2876 648 2942 sermonis
676 2876 772 2940 buius
800 2877 950 2941 reuertar‘
976 2874 1210 2941 confirmantur.
1243 2873 1378 2956 denique

232 2984 331 3049 nolim
364 2983 489 3048 silentio
522 2982 656 3054 transire
689 2982 850 3046 exordium
883 2987 916 3046 et
946 2986 1067 3063 partem
1101 2980 1248 3045 ultimam
1283 2980 1380 3044 huius

232 3089 336 3172 operis
361 3109 397 3153 er
421 3088 559 3154 oratione
582 3090 614 3153 in
639 3107 803 3173 synagoga
826 3088 935 3153 habita
958 3088 1127 3171 desumpta
1150 3106 1231 3166 esse,
1256 3106 1316 3169 6116
1341 3086 1380 3149 de

231 3216 265 3261 re
290 3215 361 3261 mox
384 3196 563 3261 accuratius
588 3195 745 3280 agendum
775 3196 844 3260 erit.
877 3200 990 3278 666166
1017 3215 1053 3259 61
1083 3194 1283 3260 sermonibus
1315 3192 1380 3257 illis

232 3301 271 3365 de
295 3302 389 3366 Iacob
417 3302 534 3368 habitis
564 3302 625 3367 duo
654 3301 727 3365 libri
755 3302 882 3367 conflati
910 3305 985 3367 sunt
1012 3306 1108 3384 atque
1135 3301 1266 3366 alterius
1296 3318 1380 3364 exor-

231 3407 322 3472 dium
345 3408 405 3473 hoc
428 3408 521 3474 modo
551 3409 776 3474 constitutum:
810 3409 981 3491 ‘superiore
1013 3408 1118 3472 libro
1152 3406 1190 3471 de
1223 3408 1380 3471 uirtutum

231 3515 409 3598 praeceptis
442 3514 687 3598 disputauimus‚
721 3515 866 3597 sequenti
898 3514 1053 3577 clerorum
1086 3514 1226 3578 uirorum
1253 3515 1382 3578 utamur

232 3621 405 3703 exemplis,
439 3640 519 3703 quae
551 3640 600 3686 res
633 3621 767 3685 fortasse
799 3620 861 3702 ipsi
888 3619 1056 3684 Ambrosio
1086 3620 1291 3684 adscribenda
1320 3625 1380 3685 est.

232 3728 324 3812 plura
347 3729 442 3793 etiam
465 3729 497 3792 in
522 3728 674 3811 opusculo
700 3728 744 3792 de
767 3728 915 3811 Ioseph
938 3726 1056 3792 indicia
1082 3727 1233 3809 pristinae
1261 3728 1380 3791 formae

232 3833 387 3911 inuenies,
413 3854 502 3917 61166,
526 3854 598 3899 cum
623 3834 661 3899 de
685 3835 731 3899 eis
749 3835 813 3898 iam
832 3835 863 3897 in
882 3834 1056 3899 uoluminis
1075 3834 1170 3917 primi
1187 3832 1380 3917 praefatione

233 3941 476 4023 disputauerim‚
509 3941 569 4006 boc
597 3941 666 4007 loco
695 3960 756 4006 non
786 3941 959 4022 explicabo.
991 3960 1027 4005 er
1055 3942 1255 4007 sermonibus
1281 3941 1382 4025 igitur

233 4047 318 4111 inter
352 4066 386 4111 se
419 4045 659 4111 cohaerentibus
695 4049 726 4110 et
757 4046 810 4109 bic
841 4046 970 4112 libellus
1003 4052 1035 4112 et
1062 4048 1102 4126 16,
1131 4047 1184 4129 6111
1212 4048 1243 4111 in
1272 4046 1380 4111 codice

233 4152 457 4235 antiquissimo
489 4153 683 4218 Bononiensi
715 4152 759 4217 de
794 4154 1053 4235 patriarchis,
1086 4156 1118 4218 in
1150 4152 1381 4218 recentioribus

233 4264 266 4322 et
281 4259 376 4343 uolgo
397 4259 441 4323 de
460 4258 825 4324 benedictionibus
843 4261 1168 4343 patriarcharum
1187 4260 1381 4339 inscribitur,

233 4366 431 4449 compositus
456 4368 514 4443 661,
540 4386 693 4449 quaeres
717 4370 754 4431 ut
776 4367 923 4433 licentiae
946 4368 991 4432 ita
1014 4367 1212 4452 stupiditetis
1239 4366 1379 4432 librario·
