3100 4967
281 448 321 501 Da
329 446 464 517 interpell.
474 445 524 499 Iob
533 450 562 500 et
571 445 662 500 Dauid
671 446 729 500 IIII
741 445 791 517 (II)
801 447 826 511 8,
836 447 879 502 29.
890 448 925 502 30
949 446 972 515 (I
982 448 1033 501 649
1043 448 1159 503 D-oeo
1170 445 1211 515 G).
1249 449 1311 513 291

168 641 280 725 utique
303 660 378 707 nou
410 640 570 707 iudicat
601 660 849 725 quemquam,
881 641 949 707 sed
976 661 1087 707 omne
1113 642 1312 708 indicium

169 747 283 813 dedit
313 749 419 827 lilio,
453 752 497 813 ut
529 767 664 814 omues
698 748 980 815 honorificent
1015 749 1164 825 filium,
1203 750 1314 814 sicut

168 854 449 920 honorificant
465 860 630 938 patrem.
649 860 740 940 pater
757 856 893 921 honorat
910 856 1022 932 filium,
1038 860 1118 921 ettu
1133 856 1313 920 diiudicas?

167 962 227 1027 hoc
254 980 290 1026 eo
318 962 497 1045 posuimus,
520 982 558 1027 ne
582 963 653 1045 quis
676 982 734 1028 nos
763 962 968 1028 arbitraretur
994 964 1086 1045 quasi
1107 966 1195 1027 metu
1220 973 1412 1044 quae-otoo

135 1068 281 1133 astionis
309 1068 340 1132 in
368 1068 476 1134 locum
505 1068 623 1134 domini
647 1069 819 1155 subrogare
842 1088 1010 1152 personam
1032 1068 1215 1153 prophetae,
1240 1088 1314 1133 cum

167 1176 297 1239 sanctus
311 1176 416 1241 Dauid
429 1176 618 1259 praeuidcns
636 1176 749 1258 spiritu
763 1178 995 1241 insurrecturos
1009 1176 1145 1240 ludaeos
1160 1176 1314 1240 aduersus

167 1280 286 1346 domini
304 1282 485 1365 passionem
505 1282 660 1347 iudicium
681 1302 757 1348 suae
776 1282 851 1347 fidei
864 1302 924 1349 non
939 1282 1154 1365 pertimescat,
1179 1282 1312 1347 discerni

167 1406 292 1470 qnoque
329 1406 458 1454 causam
496 1408 587 1454 suam
624 1408 641 1452 a
678 1394 918 1472 persecutorum
953 1393 1047 1473 gente
1079 1388 1241 1472 deposcat,
1273 1409 1313 1453 ne

166 1494 258 1559 malis
292 1496 416 1579 generis
450 1496 500 1560 sui
533 1498 565 1559 et
595 1497 793 1580 posteritatis
812 1495 995 1577 *heredibus
1026 1496 1175 1579 prosapia
1210 1495 1312 1560 totius

76 1600 152 1664 3010
166 1598 287 1665 Iudaici
320 1603 443 1687 generis
475 1602 667 1685 implicetur.
699 1622 760 1669 non
793 1602 940 1668 inmerito
969 1622 1043 1687 ergo
1071 1602 1228 1676 turbatur,
1256 1601 1310 1684 qui

167 1706 255 1772 uidet
277 1708 338 1773 sibi
362 1709 516 1775 aduersus
536 1728 661 1774 caruem
680 1714 712 1775 et
730 1710 917 1794 sanguinem
937 1728 1006 1774 esse
1024 1709 1194 1783 luctamen,
1214 1713 1309 1791 atque
1337 1713 1360 1766 B

166 1814 196 1877 in
226 1832 259 1879 se
287 1815 356 1898 ipso
385 1816 447 1880 sibi
475 1834 571 1900 graue
600 1833 670 1881 esse
698 1816 910 1900 naufragium,
938 1818 970 1880 in
998 1834 1056 1881 suo
1080 1834 1210 1897 corpore
1232 1819 1310 1880 tern-

165 1923 331 2003 pestatem,
360 1940 453 2004 quarn
482 1924 638 1987 sustinere
665 1942 726 1988 non
754 1926 872 2003 ualeat,
901 1925 962 1988 nisi
990 1925 1126 1988 caeleste
1160 1922 1309 1987 auxilium

166 2028 373 2113 suffragatum
397 2048 488 2094 nemo
513 2030 596 2095 enirn
621 2030 748 2114 grauior
765 2031 869 2096 hostis
889 2031 1008 2096 homini
1028 2050 1123 2113 quarn
1144 2030 1312 2095 domestici

121 2158 147 2199 rs
165 2136 244 2200 eius.
273 2134 350 2218 quid
378 2140 484 2201 autem
512 2140 578 2201 tam
606 2138 818 2203 domesticum
847 2158 941 2221 quarn
970 2138 1031 2202 sibi
1059 2139 1154 2203 homo
1179 2140 1211 2201 et
1234 2155 1310 2201 suae

165 2240 266 2306 carnis
293 2241 484 2308 infirmitas?
512 2246 545 2308 ct
571 2242 642 2308 ideo
670 2243 802 2308 festinat
828 2245 984 2327 propbeta
1012 2246 1045 2308 et
1071 2245 1139 2309 toto
1163 2248 1311 2325 precatur

164 2347 289 2425 ellectu,
325 2352 363 2414 ut
400 2348 547 2415 Christus
585 2349 743 2428 adueniat,
786 2350 939 2416 fortitudo
981 2351 1213 2426 uniuersorum,
1256 2348 1309 2431 qui

164 2455 319 2537 suscipiat
347 2474 454 2521 omues
482 2455 684 2521 infirmitates
713 2462 745 2522 et
772 2455 869 2522 faciat
891 2462 1025 2540 utraque
1048 2476 1147 2521 unum
1172 2476 1309 2542 conpug-

162 2565 336 2645 nantesque
373 2560 435 2626 sibi
471 2564 586 2628 mentis
625 2567 656 2627 et
694 2564 796 2629 carnis
827 2564 1012 2629 inimicitias
1045 2563 1171 2627 sublato
1203 2566 1311 2629 soluat

116 2692 143 2733 eo
162 2668 291 2750 pariete,
329 2669 382 2749 qui
419 2669 576 2733 internum
613 2671 784 2752 quominus
819 2670 851 2734 in
890 2670 1089 2736 concordiam
1127 2672 1358 2736 conueniretO

162 2773 327 2838 diuidebat
358 2774 516 2841 affectum.
552 2794 627 2859 ergo
660 2775 736 2858 quia
766 2776 799 2839 in
833 2796 867 2841 se
898 2777 968 2858 ipso
1003 2775 1064 2841 sibi
1098 2779 1165 2840 erat
1190 2795 1307 2861 pugna,

161 2886 229 2946 erat
261 2900 279 2945 a
309 2882 470 2965 proximis,
504 2882 559 2966 qui
591 2883 672 2969 legis
701 2888 734 2949 et
761 2883 931 2967 aequitatis
959 2884 1149 2948 inmemores
1176 2883 1308 2967 laqueos

160 2986 281 3053 fraudis
319 2994 352 3053 et
386 2988 518 3055 insidias
560 2990 798 3074 praeparabant,
840 2993 1065 3073 speratumque
1106 2990 1310 3055 differebatur

159 3094 346 3173 remedium,
380 3097 543 3179 repulsum
577 3116 611 3161 se
645 3097 865 3173 arbitrabatur,
895 3098 986 3180 quasi
1013 3100 1174 3162 recusaret
1201 3098 1307 3161 uenire

114 3228 141 3269 re
160 3202 213 3283 qui
247 3203 436 3283 promiserat
472 3203 610 3269 remedio
649 3222 683 3269 se
719 3205 875 3280 futurum,
915 3208 948 3268 et
983 3207 1147 3287 tamquam
1180 3204 1219 3268 ab
1252 3223 1307 3287 spe

159 3308 351 3374 lucescentis
381 3310 442 3374 diei
470 3310 502 3375 in
530 3310 731 3375 tenebrarum
756 3312 914 3395 profunda
935 3315 1104 3376 reuocatus
1128 3312 1248 3386 orabat,
1271 3316 1310 3376 ut

160 3417 340 3498 squalorem
378 3417 473 3482 huius
512 3417 632 3482 saeculi
668 3418 834 3501 repulsura
871 3419 924 3483 lux
960 3418 1140 3498 irradiaret,
1183 3421 1308 3483 aeterna

253 3608 286 3662 14
304 3608 385 3665 llich.
406 3610 430 3675 7,
450 3610 465 3661 6
522 3608 556 3663 ta
574 3608 673 3679 ltphee.
693 3610 718 3672 2,
739 3610 772 3663 14
792 3626 831 3679 sq.
886 3610 921 3663 27
939 3608 1039 3662 Psalm.
1058 3606 1221 3663 xxxma

197 3741 402 3797 3houorificat
420 3740 513 3796 DP'C
608 3742 783 3813 iposuimus
801 3743 829 3797 P
847 3743 868 3808 (i
885 3758 907 3797 s.
927 3744 967 3810 u.)
1076 3742 1224 3797 arbitretur
1241 3743 1307 3797 DP‘

197 3831 274 3899 quari
294 3832 321 3885 in
342 3834 402 3885 estu
417 3832 443 3883 Β
459 3831 500 3899 (ire
510 3816 566 3900 'aaa
580 3834 628 3885 m2
642 3832 671 3885 al
683 3832 769 3902 metu)
825 3834 839 3886 7
859 3848 925 3886 suae
938 3831 1014 3900 fidei]
1030 3830 1134 3885 domini
1146 3832 1174 3885 Β
1245 3849 1306 3902 per·

159 3917 280 3972 timiscat
298 3918 326 3971 P
405 3919 421 3973 8
440 3943 492 3972 aas·
512 3924 593 3989 gente
613 3920 735 3991 deposcit
754 3922 774 3991 (i
793 3938 827 3975 ac
845 3924 871 3989 a)
890 3921 918 3974 Β
999 3922 1028 3974 ll
1049 3921 1128 3975 uidet
1145 3920 1172 3973 P
1189 3924 1214 3985 (e
1234 3938 1267 3975 cn
1284 3922 1304 3986 i)

195 4008 332 4063 luctamen
350 4008 378 4062 P
396 4011 422 4077 (c
440 4026 461 4063 a.
481 4010 522 4080 u.)
591 4012 625 4064 14
642 4011 747 4065 homini
764 4010 853 4065 hostis
871 4010 899 4062 Β
968 4012 1000 4065 17
1018 3998 1144 4080 &1³¹0
1160 4015 1185 4063 ct
1203 4012 1227 4079 (s
1246 4026 1278 4063 aa
1296 4011 1306 4063 i

159 4102 216 4167 aab)
237 4098 264 4151 Β
281 4086 325 4168 {pi
339 4098 397 4153 ΡΒ
452 4100 485 4153 18
505 4104 718 4169 compugnantes
732 4100 759 4153 Β
780 4104 841 4166 (om.
863 4116 914 4169 que
933 4106 958 4154 ct
976 4116 1072 4163 unnm;
1092 4100 1124 4152 ia
1141 4116 1192 4168 mp.
1212 4104 1258 4152 m2
1276 4099 1306 4152 al

159 4191 274 4257 utraque
293 4204 384 4251 unum,
403 4186 534 4241 uidelicet
554 4191 778 4258 cornpugnantaa)
836 4190 868 4242 19
887 4193 992 4242 urentes
1006 4188 1072 4241 DP‘
1144 4187 1235 4241 soluat
1253 4204 1304 4241 om.

159 4275 187 4328 Β
206 4276 248 4341 (in
266 4292 315 4345 my.
335 4280 382 4330 aab
401 4277 430 4331 al
449 4276 557 4330 sublato
577 4276 677 4341 soluat)
743 4278 776 4331 22
796 4278 923 4347 proximis
942 4278 970 4331 P
988 4282 1012 4343 (r
1029 4294 1049 4330 s.
1069 4294 1106 4341 aa,
1124 4276 1136 4330 i
1155 4276 1205 4329 alt.
1225 4292 1258 4329 arc
1275 4282 1303 4342 u)

160 4365 194 4419 26
213 4365 373 4419 lucescentis
392 4365 420 4418 P
438 4368 463 4433 (e
481 4382 523 4434 pr.
543 4382 577 4419 ex
595 4365 604 4418 i
622 4369 679 4431 m2)
735 4367 769 4421 27
789 4366 898 4435 repulsa
916 4365 980 4419 DP‘

1221 4469 1270 4524 19·
