3100 4967
287 144 577 233 &eff

235 435 301 498 366
534 374 551 422 ⁷.
696 433 918 502 [Ambrosii]

5 610 27 700 ‘a
157 713 161 720 .
234 628 442 694 inreuerentis
461 629 563 694 oculis
582 648 670 706 caua,
689 649 729 694 ne
747 649 805 713 par
822 631 991 694 fenestram
1011 632 1147 696 introeat
1166 649 1263 706 amor,
1281 627 1380 692 libido
1443 642 1466 694 D

235 739 390 824 penetret.
424 737 541 801 etenim
573 736 689 801 mulier
719 737 887 802 fornicaria
914 738 989 804 uisu
1016 737 1121 803 inlicit
1148 739 1321 802 amatorem
1349 738 1382 799 et

235 842 297 907 nisi
329 843 528 924 petulantem
560 843 710 907 obtutum
742 844 859 909 mentis
892 843 1051 928 animique
1084 861 1267 926 conpesoas‚
1296 859 1380 907 mors

105 945 159 1050 ἦ
234 948 412 1032 ingreditur
438 969 494 1033 per
520 950 702 1014 fenestram.
730 969 793 1014 non
823 953 872 1015 est
899 950 1059 1016 desidiosa
1082 951 1260 1035 petulantia
1283 967 1380 1014 mere-

235 1055 351 1147 tricis„
366 1074 427 1122 non
456 1055 559 1121 otiosa
585 1057 729 1134 lasciuia,
758 1075 840 1138 quae
868 1057 946 1122 iacit
967 1057 1122 1122 iuuenum
1146 1058 1254 1122 uolare
1277 1056 1379 1135 corda,
1411 1079 1423 1118 s

236 1165 274 1227 ut
297 1162 441 1246 propriae
462 1163 582 1227 mentis
604 1167 762 1246 nequeant
784 1167 891 1230 tonare
915 1164 1125 1229 constantiam
1150 1168 1183 1229 et
1205 1165 1268 1229 huc
1287 1167 1383 1245 atque

126 1270 185 1347 o*
218 1260 313 1335 *illuc
330 1263 452 1363 feruido
472 1289 578 1336 amore
595 1270 767 1352 rapiantur.
787 1289 865 1336 caua
880 1291 953 1356 ergo
968 1272 1190 1338 huiuscemodi
1205 1271 1381 1346 mulierem,

85 1417 102 1430 ..
149 1389 163 1409 ⁴
236 1366 317 1458 qnae
339 1375 475 1460 pedibus
498 1396 560 1442 non
583 1376 732 1458 quiescit,
754 1377 832 1442 foris
857 1381 948 1455 errat,
973 1377 1144 1442 insidiatur
1160 1395 1218 1460 per
1236 1378 1380 1462 angulos.
1447 1389 1467 1442 n

181 1478 340 1587 ”gasulis
371 1482 463 1566 ligat,
495 1483 602 1548 uerbis
634 1484 748 1561 inlicit,
781 1483 903 1548 institis
935 1485 1055 1550 lectum
1087 1485 1200 1549 intexit
1228 1501 1322 1550 suum
1351 1489 1383 1548 et
1410 1552 1413 1558 ,

18 1617 37 1647 0
129 1580 131 1585 ’
236 1590 354 1673 tapetis
378 1589 416 1653 ah
441 1591 587 1674 Aegypto
612 1591 732 1666 stratis.
757 1611 859 1674 neque
884 1593 968 1657 enim
993 1591 1031 1656 da
1056 1591 1237 1676 cognitione
1261 1591 1379 1668 diuina,
1400 1614 1424 1652 ιο

210 1697 294 1761 ‘sed
331 1696 370 1760 de
406 1697 562 1761 saeculari
596 1697 757 1764 inlecebra
792 1698 933 1762 adsumit
969 1701 1112 1763 ornatum
1152 1717 1232 1780 quae
1269 1697 1381 1762 merito

237 1804 343 1868 uirum
375 1823 470 1868 suum
503 1803 582 1870 dicit
613 1805 789 1884 absentem,
823 1805 972 1888 quoniam
1003 1825 1065 1871 non
1097 1809 1205 1889 potest
1242 1805 1382 1870 adultera

185 1907 341 1975 lbomnis
378 1910 555 1976 Christum.
576 1912 691 1976 habere
732 1915 942 1995 praesentem.
984 1909 1075 1976 uides
1116 1911 1217 1996 igitur
1256 1913 1383 1994 quantis

214 2018 359 2083 retibus
383 2019 478 2084 etiam
504 2022 685 2084 sanctorum
710 2019 805 2085 corda
829 2019 1002 2103 capiantur,
1027 2023 1060 2084 et
1082 2018 1153 2084 ideo
1182 2037 1220 2084 ne
1248 2019 1381 2097 mireris,

238 2125 267 2190 si
300 2127 396 2190 etiarn
429 2129 560 2191 sanctus
591 2126 694 2191 Dauid
725 2129 839 2209 captus
868 2130 926 2205 est,
956 2127 1006 2190 uir
1033 2126 1160 2209 quidem
1188 2143 1324 2211 magnus
1352 2130 1384 2190 et
1402 2147 1425 2186 u

238 2232 294 2316 qui
321 2233 517 2316 allophylum
545 2233 705 2298 inmanem
732 2253 873 2316 corpore,
903 2234 999 2299 armis
1028 2251 1154 2316 quoque
1181 2231 1307 2296 bellicis
1339 2233 1384 2296 in-
1446 2242 1466 2296 F

238 2339 418 2404 horrentem
449 2339 512 2404 fide
539 2339 662 2405 uicerit.
692 2340 748 2407 sei
776 2341 899 2406 utinam
928 2359 962 2405 se
989 2341 1061 2428 ipse
1089 2339 1234 2416 uicisset,
1262 2339 1382 2404 utinam
1441 2319 1447 2332 ’

239 2447 324 2510 siout
355 2446 448 2510 illum
482 2446 698 2512 aduersarium
727 2447 853 2525 strauit,
882 2448 930 2512 sic
957 2447 1139 2513 interiorem
1167 2447 1384 2512 aduersarium

239 2571 333 2617 suum
357 2556 496 2618 sternere
520 2574 557 2618 ac
580 2573 729 2637 superare
751 2555 930 2639 potuisset!
956 2555 1084 2640 grauior
1106 2571 1213 2638 pugna
1236 2554 1306 2618 eius
1331 2553 1384 2635 qni

238 2660 325 2726 intus
349 2681 444 2743 quam
466 2661 555 2725 illius
579 2662 634 2743 qui
655 2661 733 2726 foris
757 2661 898 2727 dimicat.
1400 2683 1425 2722 so

186 2769 228 2832 16
284 2767 345 2834 Sed
374 2767 450 2850 quid
479 2767 517 2832 de
546 2769 615 2833 solo
642 2768 748 2834 Dauid
776 2769 916 2851 loquor?
946 2769 1159 2834 accersiamus
1183 2767 1280 2832 etiam
1304 2765 1384 2830 alios

239 2875 278 2939 ad
300 2878 472 2939 tractatum
495 2874 690 2953 huiusmodi,
713 2895 752 2940 ne
770 2875 1014 2941 inbecillitatem
1032 2875 1138 2940 Dauid
1157 2874 1270 2959 magio,
1290 2873 1383 2938 unius

239 2981 364 3046 scilicet
391 2982 528 3047 hominis
556 2986 708 3066 putemus
737 3002 833 3065 quam
862 3002 1029 3065 corporeae
1061 2982 1256 3074 condicionis
1284 2979 1383 3045 luisse

238 3087 465 3152 infirmitatem.
491 3085 624 3153 Samson
647 3087 775 3152 rralidus
801 3091 833 3152 et
856 3087 948 3152 fortis
971 3087 1097 3152 leonem
1121 3086 1300 3166 suffocauit‚
1327 3086 1384 3151 sed

239 3213 378 3258 amorem
407 3213 502 3259 suum
530 3194 683 3259 suffocare
711 3213 773 3259 non
802 3195 917 3277 potuit.
947 3193 1075 3260 uincula
1104 3193 1204 3258 soluit
1230 3193 1383 3270 hostiurn,
1401 3195 1433 3256 sa

8 1371 18 1409 l

330 3428 479 3492 miano,
501 3429 530 3483 11
554 3430 610 3496 (14)
675 3429 787 3484 allier.
806 3429 831 3493 9,
851 3430 883 3483 21
954 3428 1383 3494 5Prouerb.7‚10'8,Pro-

240 3518 314 3572 norb.
335 3519 359 3580 7,
381 3517 411 3571 ll
433 3535 472 3586 sq.
545 3517 708 3572 9Prouerh.
730 3518 809 3580 7,16
883 3519 914 3572 ll
934 3518 1062 3573 Prouerb.
1083 3521 1107 3582 7,
1128 3519 1160 3573 19
1234 3517 1383 3586 lfillleg.

242 3608 284 3670 17,
302 3605 337 3658 32
357 3622 415 3674 sqq.
436 3605 469 3658 <io
488 3607 559 3676 apol.
579 3607 649 3660 Dan.
668 3608 695 3672 6,
713 3608 748 3662 26
825 3607 860 3660 24
878 3605 956 3660 Iudd.
978 3607 1018 3670 14,
1039 3607 1055 3660 6
1075 3607 1108 3661 de
1128 3606 1197 3677 apol.
1217 3606 1286 3660 Dan.
1305 3607 1331 3670 4,
1353 3607 1384 3660 16

240 3693 488 3761 asludn15,14

278 3818 381 3871 lcaue.
397 3833 461 3871 caue
475 3817 508 3871 N
560 3819 687 3889 introeat]
702 3821 787 3873 intret
801 3819 828 3872 Β
883 3821 967 3890 amor]
983 3820 1097 3873 morsN
1148 3819 1269 3874 libidinis
1285 3823 1312 3873 et
1326 3819 1387 3872 PM

240 3909 258 3960 2
275 3907 358 3960 illicit
376 3905 472 3978 (illicet
486 3907 520 3970 Β,
541 3906 638 3962 illiciet
659 3908 702 3974 7¹)
722 3909 783 3962 uisu
802 3909 826 3962 X
882 3911 897 3962 5
917 3909 1019 3962 uiolare
1034 3909 1098 3962 BB‘
1117 3914 1142 3962 et
1161 3913 1237 3975 (orate
1256 3909 1335 3978 corr.)
1354 3908 1384 3961 T¹

242 3997 276 4050 10
304 3996 471 4066 cogitatione
489 3996 520 4050 D
610 3997 644 4050 16
671 3997 839 4067 allophylum
862 3997 923 4052 PP‘
946 3997 1085 4061 allolulum
1107 3997 1132 4051 Τ
1156 3997 1314 4068 allophilum
1338 4001 1383 4052 cel.

242 4087 275 4140 19
289 4085 425 4154 potuisset
439 4091 504 4139 ante
516 4085 673 4139 interiorem
688 4085 913 4154 trumponuuth'
967 4085 1077 4154 grauior
1095 4083 1151 4139 TN
1161 4085 1271 4155 grauior
1282 4089 1325 4139 est
1338 4091 1383 4140 oct.

240 4176 273 4228 21
293 4174 391 4243 loquar
407 4172 444 4227 B¹
465 4215 473 4225 .
515 4175 601 4228 acerbo
621 4174 734 4243 loquor.
747 4217 753 4229 .
765 4216 770 4229 .
783 4177 824 4244 (p.
842 4179 901 4228 367
914 4191 941 4228 a.
960 4178 987 4245 4)
1007 4177 1143 4228 seruasset
1160 4175 1191 4228 in
1209 4190 1266 4230 roe.
1286 4179 1332 4228 2713
1355 4172 1386 4227 T‘

278 4263 453 4316 resarciamus
468 4261 586 4317 TDNT¹
601 4269 626 4318 et
639 4267 686 4318 m2
699 4265 726 4316 Β
740 4280 906 4319 accersamus
921 4263 948 4316 Β
961 4267 1004 4318 mi
1018 4269 1064 4318 oct.
1103 4265 1138 4318 24
1153 4281 1249 4318 sanson
1266 4263 1387 4318 ΒΒΤῬ

239 4352 276 4405 25
294 4351 407 4404 hostilia
424 4352 451 4404 Β
