3100 4967
447 470 489 525 De
508 470 594 524 'lobia
612 470 655 535 20,
670 469 776 523 76-78
802 468 827 536 (Ι
844 470 896 524 616
916 470 1026 527 F-ola
1045 470 1092 535 D).
1274 472 1338 535 565

104 661 147 725 77
194 669 368 731 mentum
392 668 520 739 tuum3
546 662 746 746 praeterit
770 661 874 725 enim
897 660 1136 727 iniuriosus.
1165 662 1339 746 sapientiae

194 773 423 837 uestimentum
452 773 501 835 est
529 789 565 834 er
592 769 658 833 illis
686 768 894 845 indumentis,
924 787 1003 850 quae
1032 787 1068 832 ex
1091 768 1188 853 bysso
1211 773 1244 833 et
1265 789 1340 851 pur-

192 897 271 962 pura
299 878 454 959 sapientia
482 876 544 942 sibi
571 876 658 951 fecit,
688 876 746 941 hoc
775 878 840 939 est:
869 874 1089 939 indumentum
1117 874 1191 939 fidei
1215 879 1339 940 constat

193 1005 229 1050 er
255 984 489 1067 praedicatione
518 982 705 1048 caelestium
735 984 767 1046 et
790 981 966 1046 dominicae
990 981 1142 1065 sanguiue
1165 982 1337 1064 passionis:

158 1092 288 1175 abysso
322 1092 462 1157 aetheria
493 1090 678 1175 figurantur,
710 1106 868 1171 purpurae
901 1087 1007 1171 specie
1038 1088 1225 1171 mysterium
1257 1090 1339 1154 sacri

193 1199 356 1282 sanguinis
381 1190 566 1274 declaratur,
592 1216 654 1279 quo
677 1215 810 1280 regnum
838 1195 975 1261 caeleste
1003 1195 1170 1261 confertur.
1203 1194 1338 1277 denique

192 1306 419 1371 uestimentum
453 1304 626 1389 sapientiae
660 1302 832 1388 significari
863 1302 1026 1385 superiora
1060 1301 1214 1378 indieant;
1251 1321 1338 1385 prae-

193 1412 283 1477 misit
305 1413 389 1477 enim
418 1412 540 1477 dicens:
575 1410 739 1493 sapiens
769 1414 869 1488 esto,
898 1408 976 1485 fili,
1000 1413 1044 1474 91
1066 1410 1249 1474 laetetur
1273 1427 1339 1473 cor

192 1521 306 1583 tuum
351 1524 383 1584 et
424 1518 505 1583 iufra
542 1516 623 1583 duos
662 1535 774 1581 uersus
809 1516 867 1581 ait:
900 1514 1167 1600 inprudentes
1204 1518 1383 1580 9919990

147 1648 174 1687 ro
193 1625 536 1708 superuenientes
561 1624 744 1689 damnum
772 1623 960 1706 pandent.
993 1622 1082 1687 aufer
1108 1622 1337 1687 uestimentum

190 1736 292 1797 tuum.
318 1733 406 1797 aufer
428 1732 537 1817 igitur,
558 1750 595 1795 ne
620 1732 768 1796 damnum
793 1730 929 1813 excipias
953 1729 1184 1812 inprudentiae,
1208 1747 1246 1794 ue
1266 1747 1338 1793 axu-

191 1844 259 1903 tum
288 1842 320 1904 te
348 1839 473 1924 proprio
498 1838 691 1903 uestimento
716 1837 931 1921 nequissimus
954 1835 1008 1900 ille
1032 1836 1210 1900 communis
1233 1836 1336 1900 saeue·

190 1951 274 2011 rator
307 1964 481 2030 agnoscens
515 1945 733 2010 confusionem
765 1944 814 2009 tui
842 1943 990 2027 detegere
1019 1944 1150 2007 conetur
1178 1942 1337 2025 opprobrii

190 2058 223 2117 et
249 2052 438 2137 persuadeat
465 2052 534 2129 tibi,
563 2055 601 2116 ut
626 2056 669 2116 te·
686 2050 773 2116 foliis
801 2055 893 2134 tegas
917 2053 950 2115 et
972 2050 1093 2115 nudum
1115 2053 1147 2115 te
1171 2069 1242 2115 esse
1265 2069 1337 2115 con·

147 2181 172 2220 1⁵
191 2162 328 2242 spiciens
351 2160 382 2224 in
408 2159 458 2224 dei
482 2158 621 2224 uerearis
644 2159 751 2223 uenire
776 2162 993 2240 conspectum.

99 2258 144 2323 78
235 2266 368 2332 Redde
392 2266 497 2349 inquit
519 2265 698 2350 proximo
721 2265 760 2329 in
784 2267 975 2346 tempore,
1001 2268 1225 2348 coangusta
1254 2274 1380 2329 uer-D

191 2374 279 2437 bum
303 2377 342 2438 91
364 2372 558 2439 fideliter
581 2391 653 2456 age
678 2391 764 2437 cum
789 2371 876 2446 illo,
901 2374 940 2437 91
962 2371 999 2435 19
1024 2371 1130 2435 omni
1154 2373 1335 2455 tempore

190 2479 376 2543 inuenies
401 2478 505 2560 quod
528 2478 605 2542 tibi
629 2477 909 2542 necessarium
933 2477 999 2543 sit.
1030 2496 1090 2543 non
1115 2480 1201 2542 amat
1224 2478 1335 2543 multis

188 2585 368 2650 innocentia
391 2604 424 2649 se
449 2583 625 2650 defendere.
660 2582 804 2648 Susanna
831 2585 920 2648 uocis
944 2582 1123 2649 adsertione
1147 2603 1208 2648 non
1231 2585 1335 2669 eguit:

142 2714 171 2755 ao
189 2694 322 2757 uerbum
356 2690 579 2775 coangustauit
607 2688 645 2755 ad
674 2689 838 2755 dominum
866 2693 899 2754 et
927 2691 1037 2755 statim
1064 2690 1197 2773 adipisci
1219 2692 1336 2757 meruit

189 2798 345 2864 eastitatis
359 2798 502 2881 propriae
516 2796 745 2862 testimonium.
764 2796 904 2879 plurima
920 2796 1096 2880 presbyteri
1113 2796 1335 2878 loquebantur,

190 2906 244 2988 qui
274 2905 459 2971 laborabant
491 2904 659 2969 uerborum
691 2902 765 2968 fuco
800 2902 956 2968 obducere
984 2904 1162 2979 ueritatem,
1191 2902 1247 2967 sed
1275 2923 1335 2968 non

188 3012 254 3077 lilia
276 3012 365 3077 luda.
389 3011 491 3076 lacuit
518 3012 595 3095 aput
622 3010 778 3087 homines,
807 3009 915 3074 locuta
942 3012 993 3074 est
1019 3009 1088 3073 deo.
1122 3009 1337 3077 erubescenda

187 3120 308 3184 eratin
332 3118 423 3202 plebe
447 3118 517 3199 ipsa
545 3116 685 3182 defensio
714 3116 878 3181 muliebris
907 3120 956 3195 et‚-
982 3115 1057 3181 dum
1090 3115 1192 3198 pudor
1229 3119 1337 3186 defeu-

277 3316 293 3369 2
317 3318 445 3373 Prouerb.
466 3320 510 3379 29,
528 3318 564 3373 40
584 3318 638 3383 (31,
658 3318 703 3383 22)
795 3318 812 3371 8
835 3316 962 3372 Prouerb.
983 3319 1026 3381 27,
1048 3319 1078 3373 11
1169 3320 1332 3376 ill'rouerb.

187 3408 285 3472 27,12
342 3406 460 3463 141199.
481 3408 537 3471 3,1
595 3407 628 3460 16
648 3407 698 3463 Sir.
714 3408 844 3475 29‚2aq.
901 3407 933 3460 19
953 3406 1011 3462 Sus.
1027 3408 1061 3463 35
1077 3408 1157 3473 (Dan.
1176 3409 1217 3475 13,
1231 3412 1266 3464 42
1281 3410 1333 3479 sq.)

226 3586 238 3638 1
258 3584 413 3649 iniuriosius
433 3584 484 3638 PU
500 3584 627 3638 iuriosius
643 3584 668 3637 B
687 3583 804 3638 iurioeus
823 3584 848 3637 Τ
899 3586 915 3639 3
934 3531 1001 3639 iecit
1015 3536 1068 3639 eidi
1086 3584 1113 3639 V
1164 3588 1181 3638 4
1200 3588 1334 3656 passionis

186 3675 318 3743 sanguine
337 3674 379 3739 P‘,
400 3674 533 3743 passionis
551 3690 602 3727 om.
624 3674 648 3727 0
700 3676 716 3728 5
736 3673 811 3734 bisso
830 3678 858 3743 (y
875 3691 897 3730 9.
916 3674 937 3739 i)
958 3674 983 3727 V
1053 3674 1176 3729 aetheria
1199 3676 1225 3730 V
1240 3676 1334 3731 aetbe-

186 3760 226 3831 rie
244 3762 272 3815 P
294 3762 396 3833 etherie
415 3762 445 3815 D
469 3762 570 3816 etherie
588 3760 650 3815 ΡΟ
667 3762 810 3816 aethereae
828 3761 857 3815 B
874 3762 986 3817 aethera
1005 3764 1101 3829 (9911.
1121 3780 1154 3819 ex
1171 3766 1197 3819 ie
1215 3770 1273 3833 m3)
1297 3766 1332 3826 T:

178 3849 250 3917 sort.
271 3850 449 3920 effigurantur
466 3851 638 3905 scribendum
728 3851 879 3905 misterium
897 3851 982 3906 PVT
1064 3853 1139 3923 sagri
1155 3854 1190 3919 P,
1208 3871 1260 3909 om.
1281 3856 1337 3908 BT

187 3941 325 3997 Vindicat
343 3940 460 3994 PDP‘O
548 3940 970 4010 8199199199199.9911.)1’
1056 3942 1188 3997 9autem
1206 3960 1258 3998 om.
1278 3943 1337 3997 BT

187 4032 221 4085 10
233 4028 362 4100 penditur
370 4028 434 4082 DP
507 4028 596 4082 aufers
605 4028 707 4094 PDP;
717 4028 788 4095 sort.
800 4028 907 4081 auferas
963 4030 992 4083 11
1010 4031 1251 4096 91991169999.
1266 4035 1332 4089 mai.

184 4120 283 4188 spatia)
303 4118 337 4171 P'
398 4116 431 4171 13
450 4116 588 4187 opproprii
607 4116 635 4170 P
651 4117 775 4187 opprobii
796 4116 961 4188 Gobprobii
981 4124 1028 4174 991.
1085 4120 1119 4173 14
1137 4123 1166 4174 91
1178 4122 1237 4191 pa]
1257 4124 1286 4175 te
1310 4122 1337 4174 V

222 4209 315 4277 teglae
339 4206 365 4259 l'
453 4206 485 4259 16
505 4206 624 4277 proximo
641 4210 691 4259 tuo
710 4206 745 4259 P‘
837 4207 869 4259 17
888 4206 1001 4260 fidiliter
1018 4206 1045 4259 P
1124 4208 1157 4262 18
1175 4210 1223 4279 911]
1244 4214 1288 4263 991
1305 4211 1332 4264 Β

188 4297 221 4351 19
240 4313 268 4350 se
287 4295 441 4349 innocentia
459 4295 487 4348 Β
554 4296 587 4349 21
608 4294 751 4365 presuiteri
770 4295 798 4348 P
862 4297 898 4349 22
916 4294 981 4365 lugo
1001 4295 1028 4348 P
1044 4314 1109 4350 suco
1128 4297 1156 4350 B
1218 4298 1253 4352 23
1273 4316 1332 4352 eru-

183 4384 313 4441 bisceuda
331 4386 359 4439 P
411 4386 446 4439 24
463 4384 543 4454 pleue
563 4384 589 4436 P
762 4389 765 4397 ’
