3100 4967
351 450 489 523 Apologia
502 452 594 507 Dauid
607 453 695 507 altera
710 454 752 517 12,
767 455 811 510 62.
826 456 860 511 63
882 454 905 521 (I
921 456 971 509 729
985 454 1101 510 1)-730
1115 457 1159 525 Β).
1259 462 1322 525 401

178 646 264 725 feeit,
293 645 368 731 quia
394 648 519 713 eaelum
546 646 623 713 feeit
650 650 683 713 et
710 648 808 727 filius,
837 649 922 713 siout
954 649 1072 715 habes:
1106 650 1230 715 omnia
1261 671 1327 735 per

179 754 303 835 ipsum
331 754 434 821 faeta
462 759 560 820 sunt
591 774 666 839 ergo
695 756 724 821 si
751 760 784 820 et
811 759 902 838 pater
928 756 1006 821 feeit
1034 760 1066 821 et
1093 756 1189 835 tilius,
1214 759 1326 843 utique

177 860 254 925 faeti
285 860 391 925 unitas
425 862 617 944 operationis
651 861 771 927 indicat
798 862 962 928 unitatem.
991 882 1052 927 non
1082 884 1156 947 ergo
1187 866 1325 948 operatio

179 968 339 1050 discrepat
365 969 465 1052 patris
494 968 622 1035 attilii.
651 970 680 1034 si
708 974 815 1033 autem
844 988 907 1035 una
935 970 1087 1053 operatio,
1121 991 1184 1036 una
1215 970 1326 1055 utique

146 1076 369 1157 snperationis
398 1078 544 1159 potestas
573 1080 606 1141 et
631 1077 783 1142 maiestas
812 1098 875 1141 una
901 1077 1057 1143 santorum
1086 1083 1145 1143 est.
1179 1079 1256 1144 haee
1289 1078 1328 1143 de

88 1175 132 1237 63
178 1187 266 1265 patre
294 1186 329 1249 et
354 1182 431 1248 filio.
458 1182 538 1265 qnid
566 1202 639 1267 ergo
669 1184 801 1249 silemus
831 1184 869 1247 de
894 1184 1019 1266 spiritu,
1043 1186 1228 1267 praesertim
1253 1205 1326 1249 oum

180 1288 338 1371 scriptura
368 1308 427 1353 nos
461 1288 569 1353 diuina
599 1308 659 1353 non
693 1289 834 1372 patiatur
866 1290 986 1354 silere?
1024 1290 1079 1354 dat
1115 1291 1199 1355 enim
1234 1290 1325 1356 locus

179 1396 461 1480 oportunissimum
489 1395 711 1461 testimonium
740 1396 780 1460 ad
806 1398 907 1461 saneti
927 1397 1058 1479 spiritus
1078 1398 1233 1463 unitatem
1253 1418 1326 1463 oum

178 1506 267 1585 patre
294 1506 327 1569 et
354 1503 421 1567 filio
451 1502 715 1586 conprobandum,
744 1506 783 1568 ut
810 1503 879 1567 eius
909 1522 1033 1585 quoque
1063 1505 1275 1587 operationem
1308 1520 1425 1576 aneos

134 1628 161 1665 ιο
178 1610 277 1693 patris
315 1614 348 1675 et
382 1609 442 1674 filii
478 1629 571 1692 opere
609 1610 781 1674 dissociare
817 1629 1023 1693 nequeamus.
1061 1610 1200 1694 legimus
1243 1611 1326 1677 enim

178 1735 326 1801 magnam
359 1715 515 1781 uirtutem
545 1716 646 1799 patris
679 1734 760 1791 esse,
794 1716 878 1799 quod
912 1717 1036 1781 eaelum
1065 1718 1151 1795 feeit,
1179 1738 1327 1803 magnam

178 1823 333 1888 uirtutem
357 1821 454 1887 etiam
477 1823 580 1887 filium
604 1841 685 1899 esse,
710 1822 860 1905 qnoniam
885 1823 1009 1887 eaelum
1033 1824 1119 1902 feeit,
1144 1843 1201 1889 neo
1222 1825 1327 1887 solum

179 1930 265 2007 feeit,
285 1929 342 1994 sed
361 1928 457 1994 etiam
476 1928 636 2005 firmauit;
655 1929 771 1993 uerbo
792 1928 876 1993 enim
895 1928 1036 1994 domini
1061 1929 1157 1994 eaeli
1181 1929 1327 1995 firmati

180 2040 277 2101 sunt.
307 2054 382 2119 ergo
411 2033 440 2098 si
468 2036 501 2097 et
527 2033 643 2099 senisse
667 2036 700 2097 et
722 2034 866 2099 firmasse
891 2036 1013 2099 eaelum
1040 2054 1172 2118 magnae
1195 2036 1326 2101 uirtutis

134 2163 162 2203 ιε»
180 2146 238 2217 est,
277 2142 373 2207 etiam
411 2140 560 2223 spiritum
598 2144 744 2207 sonetum
782 2161 799 2205 a
831 2140 998 2206 maiestate
1030 2162 1162 2227 magnae
1195 2142 1326 2207 uirtutis

180 2266 323 2332 separare
346 2266 408 2313 non
431 2266 616 2331 possumus,
642 2248 716 2331 qnia
739 2248 894 2330 seriptum
919 2252 987 2313 est:
1016 2252 1053 2314 et
1082 2250 1221 2333 spiritu
1251 2249 1325 2315 oris

180 2356 263 2420 eius
292 2355 411 2422 omnis
441 2354 569 2421 uirtus
598 2372 735 2419 eorum.
764 2374 899 2438 namque
929 2374 1001 2419 curn
1032 2357 1155 2421 eaelum
1182 2356 1271 2421 fieret
1295 2360 1327 2421 et
1354 2368 1377 2421 Β

178 2466 274 2539 terra,
299 2460 555 2543 superierebatur
579 2460 722 2544 spiritus,
747 2461 785 2525 de
810 2481 871 2543 quo
897 2461 972 2525 alibi
997 2462 1041 2526 ait
1063 2481 1119 2543 per
1140 2462 1326 2545 prophetem

180 2568 306 2633 Dauid:
334 2568 467 2633 emitte
496 2568 675 2649 spiritum
703 2571 826 2645 tuum,
855 2572 892 2632 ot
920 2568 1159 2633 creabuntur.
1193 2568 1231 2632 de
1264 2588 1325 2651 quo

134 2675 279 2741 metium
307 2674 384 2739 alibi
411 2673 508 2739 dixit:
538 2674 711 2756 quoniam
744 2674 882 2739 uidebo
917 2676 1058 2751 caelos,
1092 2693 1203 2755 opera
1236 2674 1327 2758 digi-

180 2785 305 2846 torum
331 2785 492 2847 tuorum.
521 2801 583 2845 non
611 2781 695 2845 enim
724 2780 940 2861 corporalibus
965 2780 1076 2863 digitis
1101 2780 1178 2845 deus
1204 2782 1327 2845 eaelum

179 2888 257 2953 feeit
283 2891 318 2953 et
343 2890 470 2965 terram,
501 2887 557 2953 sed
585 2886 716 2968 spiritus
740 2887 844 2968 gratia
868 2886 1073 2968 septiformis,
1097 2887 1153 2951 illo
1177 2888 1330 2951 uidelicet

180 2994 294 3079 digito,
317 2992 356 3057 da
386 3012 447 3076 quo
472 2992 569 3057 hebes
593 2992 626 3056 in
656 2993 842 3075 euangelio:
877 2992 1012 3075 quodsi
1044 2993 1079 3057 in
1113 2993 1234 3077 digito
1268 2992 1329 3059 dei

180 3100 375 3166 daemonia
406 3100 514 3165 eioio.
549 3100 632 3165 hune
665 3100 749 3165 enim
782 3100 918 3183 digitum
951 3100 1026 3164 alibi
1060 3100 1206 3182 spiritum
1238 3101 1327 3176 dixit,

135 3207 266 3273 sesicut
302 3207 416 3271 habes:
461 3206 597 3290 quodsi
633 3207 669 3271 in
707 3205 847 3289 spiritu
886 3207 945 3271 dei
983 3207 1177 3271 daemonia
1218 3208 1328 3273 eicio.

270 3432 358 3487 lIoh.
375 3434 430 3497 1,3
469 3433 614 3487 13Paalm.
629 3432 762 3487 xxxne
802 3432 1095 3488 16Psalm.xxx116
1140 3432 1172 3486 18
1188 3431 1255 3485 Gen.
1272 3432 1327 3495 1,2

182 3522 215 3577 19
229 3522 329 3577 Psalm.
346 3520 410 3576 CIII
429 3522 464 3576 30
501 3522 654 3575 20Psa1m.
673 3521 773 3576 V1114
812 3524 845 3575 23
861 3520 924 3575 Luc.
943 3522 1035 3583 11,20
1072 3521 1328 3583 2511111112,Ξὸ

219 3656 232 3707 l
253 3654 317 3724 qnia
334 3654 440 3708 caelum
458 3653 525 3709 iecit
546 3654 608 3717 TN,
628 3671 679 3708 one.
700 3660 747 3709 cet.
822 3656 838 3707 2
858 3656 886 3707 et
899 3670 945 3723 pr.
966 3668 1016 3707 eon
1035 3654 1093 3707 BD
1160 3655 1176 3707 4
1196 3652 1280 3723 patris
1301 3656 1328 3706 et

180 3744 231 3800 filii
249 3743 386 3814 discrepat
403 3742 428 3797 X
508 3760 563 3797 una
582 3745 704 3813 operatio
722 3743 790 3797 1111
807 3758 860 3796 nna
880 3759 961 3811 opera
980 3748 1027 3797 eet.
1096 3744 1112 3795 5
1130 3745 1252 3811 potestas
1276 3738 1333 3795 TN

179 3837 303 3903 potestas
323 3836 365 3885 est
383 3838 431 3888 cet.
486 3834 503 3887 9
522 3850 538 3886 a
557 3834 643 3901 patris
662 3835 690 3885 et
709 3832 758 3885 filii
781 3831 842 3894 TN,
862 3848 913 3885 eor.
935 3836 981 3886 oet.
1048 3833 1080 3885 12
1100 3848 1157 3883 esse
1178 3831 1259 3883 etiam
1279 3830 1329 3883 filii

181 3924 227 3986 (ea
244 3921 303 3975 filiu
321 3924 368 3974 m2
389 3921 433 3989 P)
453 3920 526 3989 quod
547 3921 617 3975 I'B‘
636 3938 696 3973 esse
715 3921 799 3973 etiarn
817 3920 903 3973 filiuni
923 3920 970 3989 qui
988 3920 1023 3973 P'
1092 3920 1125 3972 la
1145 3920 1184 3971 nit
1201 3934 1249 3987 per
1268 3934 1328 3986 pro·

181 4011 291 4081 phetam
306 4009 388 4062 dauid
404 4008 462 4062 TN
477 4010 611 4077 propheta
626 4011 666 4063 ait
678 4010 706 4061 B
725 4010 764 4062 ait
784 4010 917 4079 propheta
931 4008 970 4063 ait
982 4008 1020 4062 M
1038 4008 1077 4061 ait
1095 4008 1228 4076 propheta
1247 4005 1330 4059 dauid

181 4105 229 4153 aet.
292 4099 328 4153 20
347 4086 530 4164 dixiteaeqin
553 4098 579 4151 Τ
655 4098 744 4151 caelos
763 4102 825 4151 tuos
844 4098 944 4151 B'PM
1000 4098 1032 4151 21
1054 4097 1119 4149 feeit
1140 4096 1205 4149 deus
1224 4094 1328 4147 caelum

180 4187 245 4241 ΒΡ*
258 4185 524 4241 deusteeitcaelum
542 4186 610 4240 T‘B‘
647 4188 681 4239 22
698 4191 726 4239 et
740 4190 838 4239 terrani
855 4204 905 4241 om.
926 4186 987 4250 TN,
1002 4186 1036 4253 cf.
1048 4204 1077 4253 p.
1096 4188 1199 4248 dom
1253 4182 1327 4235 uide-

180 4275 352 4331 licetom.B
406 4276 441 4329 23
460 4276 590 4329 habemus
605 4275 669 4329 PM
739 4274 1056 4345 euangelio(oexu)T
1115 4275 1149 4325 24
1168 4278 1192 4326 et
1211 4273 1245 4325 25
1265 4270 1328 4325 dae-

181 4362 273 4418 monia
291 4364 359 4419 eicio
382 4365 439 4418 TN
455 4366 522 4418 eicio
543 4364 686 4418 daemonia
704 4370 751 4418 eet.

208 4488 301 4529 xxm.
316 4488 396 4530 Amor.
409 4498 463 4539 pars
477 4491 499 4529 2.
1259 4468 1293 4519 26
