3100 4967
244 424 308 487 226
715 422 913 476 Ambrosii

243 618 382 689 fuerit,
409 617 453 681 ab
478 618 598 682 odore
623 635 748 699 aquae
773 618 956 695 florebit,
980 619 1111 682 faciet
1134 620 1267 681 autem
1296 638 1392 681 mes-

244 744 325 789 sem
363 724 474 789 siout
515 725 691 789 nouella.
733 726 797 790 uir
837 728 971 789 autem
1013 725 1232 789 defunctus
1274 724 1390 802 abiit,

244 832 1390 913 cadensautemmortalishomononultraest.tempore

244 943 376 1005 aratam
409 941 594 1006 fluctuat
623 960 739 1005 mare.
773 942 993 1023 spectauimus
1024 938 1202 1022 prophetici
1235 937 1389 1003 sermonis

243 1046 404 1119 <seriem>
445 1066 480 1111 er
501 1048 638 1113 ‘dnobus
670 1047 874 1111 inferioribus
907 1046 1083 1123 elementis,
1116 1051 1200 1109 terra
1231 1064 1267 1109 ao
1300 1044 1390 1108 mari.
1423 1070 1436 1106 s

243 1173 323 1236 quae
348 1154 431 1219 omni
454 1154 587 1218 iniuriae
612 1154 794 1236 crebrisque
818 1154 1065 1235 tempestatibus
1090 1153 1265 1217 subiacent.
1295 1170 1390 1235 quam
1459 1154 1480 1210 C

243 1260 385 1325 ualidum
423 1264 644 1345 argumentum
681 1264 807 1325 nostrae
844 1261 999 1343 expressit
1035 1262 1222 1325 aerumnae!
1255 1262 1390 1336 terrena,

242 1367 356 1449 inquit,
394 1368 537 1451 uirgulta
573 1386 801 1450 nemorosaque
839 1369 995 1436 arborum.
1034 1369 1129 1431 etiarn
1167 1386 1240 1431 cum
1272 1366 1392 1430 fuerint

242 1477 377 1544 mortua,
414 1474 445 1537 in
488 1493 566 1539 usus
609 1475 725 1539 uitales
767 1479 948 1557 resurgunt.
990 1494 1075 1539 mare
1117 1491 1243 1557 quoque
1283 1474 1391 1555 ipsum

242 1584 423 1663 temporum
448 1582 531 1644 solet
553 1580 680 1646 niuibus
704 1582 869 1646 fluctuare.
894 1585 927 1646 at
949 1601 1024 1648 uero
1048 1600 1120 1645 caro
1139 1585 1248 1645 nostra
1267 1598 1393 1662 semper
1411 1604 1436 1642 ιο

244 1689 407 1751 exaestuat
430 1686 555 1769 sibique
578 1688 648 1771 ipsa
672 1692 846 1770 tempestas
870 1692 1002 1753 estnec
1025 1707 1175 1770 umquam
1200 1705 1220 1750 a
1246 1686 1389 1751 motibus

243 1794 454 1875 procellarum
477 1793 728 1877 miserandisque
752 1795 925 1880 naufragiis
948 1795 1088 1859 feriatur.

200 1894 242 1956 24
291 1899 383 1965 Cum
412 1905 545 1966 autem
574 1901 797 1975 dormierit,
828 1922 901 1966 non
930 1905 1119 1986 resurget
1143 1920 1271 1983 usque
1305 1902 1389 1965 dum

244 2009 398 2071 caelum
441 2028 514 2073 non
553 2007 759 2073 adsuatur.
800 2009 885 2091 quod
922 2011 1051 2073 uidetur
1085 2010 1252 2088 declarare,
1290 2006 1389 2074 donec
1452 2018 1476 2071 Ι)

244 2114 365 2176 caelum
383 2118 536 2187 nouetur;
554 2114 633 2177 erit
648 2114 731 2177 enirn
752 2116 908 2179 caelum
928 2134 1072 2180 nouum
1092 2118 1131 2179 et
1150 2119 1258 2178 terra
1275 2133 1388 2189 noua,
1410 2134 1434 2174 aa

244 2219 328 2282 sicut
351 2220 505 2303 scriptum
530 2225 588 2283 est.
614 2220 698 2301 quod
723 2221 805 2284 eninr
830 2222 976 2285 adsuitur
993 2227 1088 2286 uetus
1111 2226 1171 2298 est,
1191 2220 1275 2303 quod
1293 2224 1389 2285 uetus

244 2329 293 2389 est
319 2326 506 2392 mutabitur.
536 2326 672 2408 denique
701 2328 776 2392 audi
805 2328 980 2392 dicentem:
1011 2328 1132 2393 initio
1165 2332 1313 2393 terram
1345 2332 1389 2392 tu

243 2430 442 2509 fundasti,
473 2432 641 2511 domine,
671 2436 710 2497 et
738 2453 860 2517 opera
888 2454 1071 2499 manuum
1099 2438 1260 2499 tuarrrm
1293 2440 1390 2499 sunt

244 2538 361 2603 caeli.
387 2539 469 2621 ipsi
492 2540 696 2621 peribunt,
722 2545 765 2604 tu
790 2544 923 2605 antem
945 2560 1166 2623 permanes,
1191 2546 1231 2606 et
1253 2559 1389 2606 omnes

244 2645 355 2709 siout
385 2647 680 2711 uestimentum
715 2651 989 2722 ueterescent,
1023 2653 1061 2713 et
1094 2649 1204 2713 siout
1233 2652 1434 2730 operto-ao

242 2751 344 2816 rium
382 2754 560 2817 mutabis
600 2773 666 2819 eos
705 2761 744 2819 ot
775 2755 1054 2820 mutabuntur.
1085 2774 1258 2838 possumus
1292 2756 1389 2820 etiam

242 2856 322 2922 illud
346 2857 501 2935 adterere,
526 2861 674 2942 quoniam
697 2861 783 2944 quod
806 2865 902 2926 uetus
923 2864 973 2927 est
991 2862 1146 2941 adsuitur,
1167 2862 1251 2945 quod
1269 2882 1389 2928 nouum

243 2965 378 3046 cogitur.
399 2982 416 3027 a
440 2964 582 3030 diebus
607 2970 741 3031 autem
763 2967 959 3033 Iohannis
983 2969 1200 3052 Baptistae
1223 2989 1388 3053 regnum
1457 2982 1478 3037 E

244 3072 445 3137 caelorum
488 3074 661 3157 cogitur,
705 3078 743 3138 et
785 3079 981 3158 cogentes
1024 3076 1228 3159 diripiunt
1268 3076 1387 3144 illud.

244 3178 399 3243 adsuebat
436 3198 510 3262 ergo
544 3180 624 3243 illud
659 3199 821 3265 synagoga
852 3182 884 3245 in
915 3183 1038 3265 paucis,
1071 3183 1208 3248 ecclesia
1239 3184 1326 3268 cogit
1357 3185 1390 3249 in
1408 3205 1436 3245 ss

334 3334 434 3389 1310b
456 3336 497 3398 14,
519 3336 551 3389 12
617 3336 649 3389 15
669 3336 741 3393 Esai.
761 3339 804 3399 65,
826 3336 859 3391 17
924 3340 957 3393 16
975 3338 1074 3393 Matth.
1094 3340 1118 3404 9,
1140 3340 1172 3394 16
1238 3341 1271 3393 17
1290 3340 1389 3398 Psalm.

244 3422 332 3478 0126
352 3440 390 3493 sq.
447 3424 598 3479 rancun.
620 3426 661 3489 ll,
683 3427 716 3479 12

282 3539 293 3591 l
316 3538 349 3591 ab
370 3538 398 3605 (d
416 3556 438 3593 s.
456 3540 473 3592 b
493 3544 550 3607 m2)
572 3542 680 3596 odorem
700 3543 727 3595 P
745 3543 778 3596 ad
799 3543 908 3597 odorem
921 3544 983 3598 Pu
1033 3545 1051 3597 4
1070 3546 1251 3615 spectauimus
1267 3546 1294 3599 P
1310 3550 1333 3612 (s
1342 3563 1389 3615 pr.

245 3643 278 3681 aa
296 3632 336 3691 ex)
365 3629 563 3697 expectauimus
582 3630 674 3685 IlP‘O
762 3634 778 3685 5
806 3633 902 3686 seriem
922 3634 987 3687 add.
1009 3634 1140 3688 Gelenius
1248 3638 1290 3706 ac]
1316 3640 1345 3689 et
1363 3636 1391 3689 Β

244 3718 260 3770 6
280 3715 432 3785 crebrisque
451 3716 478 3769 P
497 3720 521 3782 (r
535 3734 579 3786 pr.
598 3736 619 3771 s.
639 3722 677 3785 rc)
762 3722 853 3789 quam]
873 3721 945 3791 quod
964 3722 991 3773 Β
1059 3724 1093 3776 10
1112 3722 1217 3776 uicibus
1236 3723 1307 3777 solet
1325 3722 1390 3777 DP‘

280 3802 314 3857 ad
333 3804 360 3856 P
415 3804 445 3858 ll
466 3810 575 3859 aestuat
592 3808 620 3860 Β
676 3808 708 3861 12
725 3809 886 3863 miserandis
907 3816 968 3878 (om.
989 3814 1052 3881 que)
1070 3812 1100 3865 Β
1173 3812 1205 3866 13
1224 3816 1348 3881 resurget
1368 3812 1393 3865 (ἶ

244 3893 361 3961 resurgit
380 3898 427 3949 eet.
489 3894 521 3948 14
540 3913 593 3949 non
613 3914 663 3951 orn.
683 3897 711 3950 Β
766 3900 799 3953 15
820 3899 890 3952 eninr
910 3916 960 3953 om.
981 3900 1045 3952 ΒΡ*
1135 3918 1233 3955 nouum
1255 3903 1341 3973 cqlum
1360 3902 1391 3957 D

279 3984 367 4035 terras
385 3999 471 4037 nouas
490 3984 570 4055 P(rn
590 3986 731 4052 diceros.)
803 3989 835 4040 17
855 3991 899 4041 est
916 4004 966 4042 om.
986 3989 1051 4043 DP‘
1135 3990 1288 4045 mutabitur
1308 3993 1331 4043 B
1350 3992 1390 4057 lbi

243 4074 320 4137 aas.)
394 4071 458 4125 audi
477 4072 560 4126 dauid
579 4074 629 4127 dic.
648 4074 708 4127 DF
773 4076 801 4129 in
820 4076 941 4130 initioB
1003 4082 1034 4131 tu
1053 4080 1147 4134 om.B
1202 4082 1236 4135 19
1255 4085 1283 4136 et
1297 4098 1391 4135 omnes

245 4175 295 4213 om.
320 4158 383 4213 ΒΡ
474 4162 508 4215 20
537 4164 708 4217 ueteresoent
730 4164 820 4218 ΒΡἝ1
926 4169 1032 4236 opertiu
1057 4174 1149 4236 (mas.)
1176 4172 1341 4240 opertorium
1364 4174 1393 4226 P

246 4248 278 4301 21
298 4250 496 4303 mutuabuntur
513 4251 541 4303 P
558 4258 587 4317 (u
607 4253 656 4305 ull.
676 4270 697 4307 s.
717 4259 756 4320 u.)
821 4256 856 4309 ‘24
875 4259 903 4308 et
921 4259 1018 4325 gentos
1037 4256 1101 4310 DP‘
1160 4260 1194 4313 25
1214 4260 1346 4331 sinagoga
1365 4262 1393 4315 P

281 4338 411 4409 sinagoga
429 4338 499 4393 illud
516 4339 544 4392 Β
