3100 4967
628 421 844 477 Praefatio.
1160 426 1312 491 XXXVII

162 622 288 685 omitto.
312 638 349 685 ac
372 619 507 684 fortasse
533 618 688 701 suspicari
710 618 788 684 licet
807 619 949 684 codicem
966 619 1047 684 libro
1066 618 1091 683 P
1111 619 1310 683 simillimum

160 728 192 791 in
216 726 498 811 grammaticorum
523 725 728 791 hemensium
752 725 880 791 officina
904 728 1074 791 tractatum
1099 730 1132 790 et
1153 729 1309 790 retextum

159 852 364 899 communem
388 833 528 897 omniurn
553 832 672 897 iontem
697 832 797 897 inisse
823 836 854 896 et
877 832 990 898 deinde
1009 832 1161 916 exemplis
1181 832 1311 916 quibus-

160 942 231 1005 dam
257 941 341 1005 inter
364 960 398 1005 se
422 940 547 1005 collatis
573 942 604 1003 et
628 939 747 1005 codicis
768 940 793 1003 Β
814 940 1005 1023 apographis
1029 939 1181 1003 adhibitis
1204 939 1310 1003 uarias

158 1048 362 1113 recensiones
387 1046 540 1114 extitisse.
567 1046 622 1111 sed
648 1051 684 1111 ut
702 1051 857 1129 quantum
876 1065 894 1109 a
912 1047 939 1110 B
957 1046 1167 1111 recedendum
1186 1049 1309 1111 etcum

159 1155 275 1219 ceteris
310 1153 489 1219 laciendum
519 1171 589 1217 esse
618 1152 757 1217 duxerim
788 1172 972 1237 cognoscas,
997 1153 1055 1217 hos
1080 1153 1168 1217 locos
1192 1172 1311 1234 quaeso

158 1260 329 1344 inspicias:
359 1262 434 1339 331,
460 1262 495 1335 9;
525 1260 599 1337 339,
625 1261 659 1333 6;
688 1260 764 1337 340,
788 1261 846 1333 2ος
876 1260 1033 1335 343,16;
1063 1260 1138 1335 349,
1163 1260 1183 1322 4
1212 1263 1244 1324 et
1272 1262 1309 1333 53

159 1366 237 1443 353,
264 1368 314 1431 19.
339 1384 373 1429 er
399 1366 514 1448 quibus
538 1369 628 1447 patet
650 1366 676 1429 B
700 1366 732 1429 in
756 1365 868 1449 primis
891 1366 1014 1431 lacunis
1039 1365 1250 1431 deformatum
1273 1383 1310 1429 ac

159 1472 273 1537 deinde
298 1472 454 1554 scriptura
477 1472 647 1537 immutata
668 1472 789 1537 malurn
813 1474 896 1537 rnalo
920 1477 1049 1538 auctum
1073 1490 1153 1538 esse.

204 1578 344 1643 Macrini
371 1582 495 1659 praeter
521 1578 661 1643 ΡΡῬ”Τ
690 1579 869 1662 complures
892 1580 990 1644 libros
1014 1579 1228 1656 excusserunt,
1253 1576 1308 1643 sed

158 1704 213 1749 eos
231 1684 391 1749 inferioris
411 1685 524 1750 aetatis
543 1704 644 1767 neque
668 1686 766 1750 ullius
789 1687 821 1750 in
845 1705 879 1751 re
902 1686 1012 1750 critica
1034 1684 1196 1750 tractanda
1217 1702 1308 1749 usus.

158 1810 242 1855 unns
264 1791 424 1873 antiquior
442 1792 541 1856 fuisse
561 1791 699 1867 uidetur,
718 1792 948 1870 trudonensis,
967 1791 1023 1856 sed
1042 1792 1109 1856 sine
1128 1791 1223 1856 dubio
1247 1810 1308 1855 non

160 1898 189 1962 ei
208 1898 248 1961 ad
272 1897 357 1980 quod
381 1897 419 1962 ab
443 1898 509 1962 illis
532 1898 665 1963 refertur
688 1898 815 1963 soeculo
839 1934 882 1945 -
906 1902 978 1963 ante
1000 1916 1098 1963 annos
1120 1898 1203 1964 DCC
1224 1899 1309 1963 enim

159 2004 314 2087 scriptum
340 2022 410 2068 esse
434 2006 612 2084 statuunt¹)
635 2042 678 2050 -
703 2005 940 2071 adscribendus.
974 2025 1010 2070 ac
1034 2004 1062 2068 si
1085 2025 1122 2071 ea
1146 2024 1225 2088 quae
1248 2006 1308 2069 boc

158 2111 269 2177 codice
303 2110 457 2175 contineri
490 2110 635 2176 dixerunt
661 2112 862 2193 respicimus.
890 2112 949 2176 hos
976 2113 1075 2178 libros
1108 2115 1307 2177 enrrmaratos

155 2217 356 2283 innenimus:
390 2216 427 2280 de
455 2217 558 2294 Helia,
588 2217 626 2282 de
654 2216 833 2296 Nabuthae,
863 2218 901 2283 de
929 2219 1038 2296 Tobia,
1063 2219 1102 2284 de
1128 2218 1307 2301 interpella-

156 2324 243 2389 tione
276 2323 334 2387 Iob
369 2325 401 2388 et
429 2322 545 2397 Dauid,
574 2322 612 2387 de
645 2323 794 2407 apologia
822 2324 936 2402 Dauid,
965 2324 1003 2389 de
1034 2325 1238 2408 paenitentia,
1269 2325 1307 2389 de

157 2450 292 2495 excessu
320 2428 437 2494 fratris.
475 2428 553 2495 haec
582 2432 688 2495 autem
717 2431 823 2495 omnia
849 2430 881 2495 in
909 2451 973 2497 uno
1001 2431 1110 2497 codice
1141 2432 1309 2497 coniuncta

155 2536 258 2601 fuisse
287 2536 340 2599 nix
368 2535 518 2600 credibile
542 2554 612 2601 asse
636 2536 773 2601 uidetur.
813 2537 954 2601 codicem
978 2538 1219 2603 haudnnensem
1245 2539 1307 2602 178

156 2662 253 2726 supra
275 2662 307 2725 p.
326 2642 481 2707 XXXIIII
505 2642 710 2725 descriptum,
736 2643 791 2725 qni
815 2645 890 2708 olim
920 2649 1047 2709 sanctae
1070 2645 1189 2709 Mariae
1212 2643 1307 2708 uallis

155 2752 260 2815 clarae
276 2750 348 2827 fuit,
363 2748 500 2813 Maurini
520 2748 559 2813 ad
575 2748 673 2813 libros
689 2748 728 2814 de
743 2768 874 2815 excessu
889 2751 994 2815 fratris
1009 2752 1230 2828 adhibuerunt,
1245 2769 1306 2834 quo

154 2857 226 2921 loco
246 2875 320 2920 eum
341 2858 412 2919 ante
432 2874 528 2920 annos
549 2856 576 2920 D
598 2860 758 2920 exaratum
779 2876 849 2921 esse
868 2858 1017 2922 referunt.
1038 2857 1094 2922 sed
1113 2876 1306 2939 cu1·qnaeso

153 2965 187 3028 in
209 2963 395 3027 libellorum
420 2961 457 3027 de
477 2962 644 3027 Nabuthae
669 2968 701 3028 et
725 2962 763 3027 de
788 2964 933 3047 apologia
953 2964 1058 3029 Dauid
1082 2964 1235 3031 subsidiis
1258 2967 1308 3028 tot

155 3069 323 3135 codicibus
353 3070 538 3133 recentioris
567 3070 681 3135 aetatis
710 3071 902 3135 enumeratis
931 3070 1001 3136 eius
1028 3070 1221 3136 mentionem
1244 3090 1306 3134 non

152 3176 321 3241 fecerunt?
348 3174 439 3239 nidos
462 3175 527 3240 iam
551 3194 608 3241 nos
632 3176 709 3241 haec
733 3180 917 3259 reputantes
941 3177 1038 3242 tantis
1062 3176 1306 3241 difficultatibus

152 3280 324 3363 implicari,
350 3283 387 3344 ut
410 3280 472 3345 nisi
496 3282 679 3347 coniciendo
705 3302 840 3347 errorem
865 3283 917 3347 hic
940 3284 1038 3348 latere
1061 3284 1114 3347 nix
1138 3304 1194 3348 nos
1218 3302 1306 3367 erpe-

151 3387 221 3451 dire
246 3386 421 3469 possimus.
445 3386 483 3451 de
508 3386 673 3453 codicibus
698 3408 715 3452 a
737 3390 910 3455 Ballerinio
930 3390 1125 3464 examinatis,
1145 3410 1219 3454 cum
1237 3410 1306 3474 pes·

152 3494 255 3559 simae
284 3496 377 3559 notae
406 3494 480 3571 sint,
506 3514 543 3558 ne
575 3496 707 3559 uerbum
734 3496 861 3578 quidem
886 3496 999 3561 addere
1023 3497 1186 3561 constitui.
1225 3497 1305 3562 libro

149 3600 317 3679 Farisiaco
344 3600 449 3663 11624
475 3600 573 3665 simili
598 3620 677 3667 usus
702 3620 772 3667 esse
797 3603 925 3667 uidetur
947 3602 1188 3668 Amerbeclrius.

198 3706 305 3771 Multo
334 3706 463 3771 breuius
493 3706 537 3771 de
565 3708 758 3792 apologia
785 3709 917 3773 Dauid
946 3729 1027 3792 quse
1050 3710 1147 3794 uolgo
1171 3710 1472 3805 alteraeroffiggfou

150 3816 291 3878 uocatur
314 3831 350 3877 aa
374 3830 453 3895 quae
478 3811 516 3877 ad
541 3833 605 3877 rem
630 3814 752 3880 iaciunt
775 3835 926 3899 exponere
944 3816 1022 3880 mihi
1043 3816 1162 3882 licebit.
1187 3818 1303 3881 etenim

149 3920 282 3985 codices
302 3917 418 4001 quibus
437 3920 489 3984 usi
508 3939 619 3985 sumus
638 3922 702 3986 lere
722 3942 831 3988 omnes
850 3922 914 3987 ism
934 3922 1172 4005 descripsimus,
1187 3922 1303 3988 librum

199 4083 221 4150 ¹)
242 4084 312 4137 nihil
331 4101 395 4137 sane
415 4084 546 4138 eiusmodi
566 4088 664 4141 aetatis
684 4087 888 4141 definitionibus
905 4086 1078 4141 tribuendum
1097 4104 1156 4142 esse
1176 4104 1207 4141 00
1222 4088 1302 4142 intel·

146 4174 264 4243 legitur,
284 4172 357 4242 quod
375 4173 492 4227 Manrini
509 4173 606 4228 librum
626 4176 667 4229 P¹¹
687 4180 718 4241 (s.
739 4176 855 4246 Benigni
873 4177 1068 4243 Diuionensis),
1089 4178 1135 4247 qui
1155 4177 1219 4247 qnin
1242 4194 1300 4231 sse·

147 4262 212 4317 culo
232 4259 272 4313 XI
291 4259 454 4315 tribuendus
473 4262 509 4315 sit
528 4261 646 4317 dubitari
666 4280 718 4317 nou
739 4268 839 4333 potest,
859 4268 921 4318 ante
945 4282 1030 4319 annos
1048 4262 1143 4320 DCCC
1166 4268 1303 4319 exaratum

146 4368 211 4407 esse
232 4354 352 4405 censent.
