3100 4967
358 453 494 524 Apologia
506 453 597 508 Dauid
612 453 698 507 altera
712 454 753 518 11,
766 454 871 508 54-57
886 451 912 524 (Ι
922 453 973 506 727
983 451 1095 508 Β-728
1105 451 1149 517 Β).
1259 455 1323 520 397

180 652 280 734 fleuit,
302 651 393 716 humi
414 649 525 727 iacuit,
549 648 653 714 cilicio
678 667 712 714 so
736 649 870 732 operuit,
894 647 1060 713 ieiunarit.
1084 647 1139 713 ubi
1162 650 1325 713 mortuum

90 769 135 834 56
182 757 345 844 cognouit,
369 757 515 837 surrexit,
539 757 630 834 lauit,
654 756 790 833 cenauit,
815 754 893 820 alios
918 757 1099 820 consolatus
1124 757 1194 820 est‘.
1218 755 1326 822 uidete

183 885 277 949 quam
299 864 412 929 multa.
436 863 538 945 primo
562 862 704 926 omnium
728 861 813 944 quod
837 861 915 926 deus
939 861 1012 943 pius
1032 865 1127 944 atque
1145 861 1326 928 misericors

182 976 234 1039 est
254 975 287 1036 et
310 990 390 1054 quae
413 970 504 1036 nobis
528 971 664 1034 aduersa
686 969 875 1053 contingunt
897 987 952 1052 pro
972 969 1073 1052 pretio
1093 969 1194 1034 nostri
1213 969 1326 1034 erroris

149 1101 163 1140 a
182 1079 367 1162 excipimus.
391 1076 562 1142 didicimus
580 1077 680 1161 igitur
699 1076 919 1158 captiuitatem
937 1076 1075 1158 pretium
1095 1095 1166 1141 esse
1184 1076 1325 1160 peccati;
1353 1085 1376 1140 F

181 1189 258 1252 haec
287 1185 370 1249 enim
398 1183 577 1249 decernitur
604 1203 707 1267 poena
728 1203 785 1266 pro
810 1183 951 1249 crimino.
977 1184 1089 1249 deinde
1112 1183 1194 1249 illud
1218 1183 1327 1248 aduer-

181 1295 280 1358 timus
309 1291 393 1374 quod
420 1311 533 1375 rogum
560 1293 670 1372 lapsus
697 1310 800 1372 poena
826 1291 1017 1374 populorum
1048 1291 1100 1356 sit.
1130 1291 1214 1356 siout
1243 1291 1327 1356 enim

182 1419 291 1464 eorum
319 1398 439 1462 uirtute
467 1417 631 1462 seruamnr
657 1398 703 1461 ita
731 1398 827 1462 etiarn
856 1417 957 1462 errore
984 1397 1212 1479 periclitamur.
1244 1397 1327 1462 unde

182 1505 355 1588 optandum
387 1509 438 1568 est
468 1505 571 1582 nobis,
603 1507 641 1568 ut
672 1524 780 1588 regem
813 1504 987 1589 gloriosum
1020 1507 1115 1586 atque
1151 1505 1327 1586 perfectum

136 1613 295 1678 rehabere
322 1611 494 1694 possimus.
523 1631 581 1676 nos
611 1631 684 1695 ergo
715 1612 769 1694 qni
797 1629 905 1695 regem
933 1611 1084 1676 uolumus
1111 1611 1227 1676 habero
1258 1631 1328 1693 per·

179 1721 299 1784 fectum
333 1719 496 1782 dominum
528 1719 678 1783 nolumus
711 1718 827 1784 hahere
859 1718 1062 1802 perlectum?
1096 1738 1134 1784 an
1166 1737 1242 1784 uero
1279 1717 1329 1783 illi

179 1829 315 1909 possunt
335 1824 419 1889 uelle
442 1825 605 1889 hominem
630 1845 700 1890 esse
722 1825 900 1907 perlectum
926 1825 981 1907 qui
1005 1825 1099 1890 deum
1121 1825 1235 1890 nolunt
1257 1843 1327 1890 esse

179 1934 382 2014 perfectum?
409 1932 491 1996 illud
520 1933 616 1996 etiam
644 1932 783 1997 breuiter
804 1936 911 1998 textus
936 1936 1083 2014 operatur
1106 1931 1267 2009 historiae,
1291 1935 1329 1996 ut

181 2039 384 2104 aduertamus
414 2058 509 2121 quarn
538 2040 600 2104 cito
629 2040 741 2104 ueniae
770 2059 843 2122 epos
873 2043 983 2105 secuta
1007 2039 1059 2104 eit.
1084 2057 1145 2104 non
1169 2039 1327 2104 mediocre

136 2172 162 2212 u
181 2148 288 2210 autern
312 2146 396 2228 quod
419 2145 545 2211 Nathan
569 2146 771 2212 denuntiauit
795 2148 833 2223 ei,
853 2148 913 2212 hoc
937 2150 987 2212 est
1008 2147 1137 2212 inferior
1159 2147 1326 2229 propheta3

182 2253 288 2336 grauis
313 2252 396 2317 onim
420 2252 613 2317 uerecundia
634 2253 798 2336 pudorque
823 2253 976 2318 delictum
1000 2253 1039 2318 ab
1056 2253 1204 2317 inferiore
1223 2260 1425 2334 repre-taath

180 2359 286 2424 hendi.
319 2359 437 2424 uidetis
471 2359 556 2442 quod
590 2360 685 2442 culpa
718 2360 852 2443 gratiam
885 2359 1018 2424 minuat.
1052 2359 1173 2424 sciebat
1199 2359 1326 2424 Nathan

181 2466 266 2547 quod
301 2465 407 2530 Dauid
448 2465 630 2544 nesciebat;
673 2467 750 2531 adeo
793 2467 911 2552 caligat
953 2468 1076 2532 animus
1119 2467 1326 2532 obumbratus

181 2573 317 2655 quadam
345 2573 430 2636 nube
457 2573 622 2636 uitiorum.
651 2572 763 2637 deinde
791 2574 844 2638 hio
868 2578 918 2639 est
939 2573 1076 2652 Nathan,
1101 2574 1210 2656 quiin
1235 2593 1327 2656 supe·

135 2707 162 2746 ao
179 2680 316 2746 rioribus
352 2679 458 2744 Dauid
496 2683 662 2763 acceptum
703 2680 830 2746 domino
872 2681 1086 2764 prophetante,
1127 2683 1165 2746 ut
1206 2681 1328 2745 doleret

180 2787 292 2850 eodem
305 2785 452 2869 redargui
467 2789 551 2850 teste
566 2790 744 2868 peccatum,
761 2806 823 2869 quo
838 2787 1046 2871 prophetante
1060 2787 1165 2852 fuerat
1178 2788 1326 2852 meritum

179 2893 408 2976 praedicatum.

91 3005 132 3070 57
226 2998 288 3064 Sed
310 3000 374 3064 iam
396 2999 585 3082 mysterium
607 2999 816 3082 requiramus.
843 3000 912 3064 duo
936 2999 1040 3082 inquit
1063 3001 1136 3065 uiri
1161 3004 1265 3066 erant
1288 3002 1324 3065 in

181 3126 253 3170 una
281 3106 457 3182 ciuitate,
486 3125 583 3171 unns
612 3106 719 3170 diues
748 3111 786 3172 et
809 3107 905 3172 alter
927 3125 1078 3190 pauper.
1103 3107 1175 3190 quis
1200 3111 1249 3172 est
1272 3108 1323 3172 hio
1351 3115 1373 3168 Β

272 3315 304 3368 19
323 3313 393 3396 Rege
410 3313 439 3367 11
458 3314 483 3382 7,
502 3315 519 3368 3
536 3330 595 3384 sqq.
651 3315 685 3368 23
704 3315 771 3384 ch.
790 3314 819 3368 11
838 3315 871 3368 12
892 3317 904 3370 1

217 3456 436 3526 5accipimus1
515 3456 611 3527 igitur]
632 3457 703 3509 enim
722 3457 793 3509 B‘P‘
866 3404 1114 3512 Ssrlirtuteseorum
1138 3458 1164 3512 Τ
1238 3459 1327 3512 salua·

180 3562 241 3600 mur
257 3546 288 3600 D
349 3545 581 3599 9obtendumT
639 3546 816 3601 meorumue
836 3546 1061 3616 (opernm.)
1084 3546 1117 3600 T‘
1189 3546 1327 3634 dom-inum

181 3651 209 3689 n.
227 3633 327 3688 habere
346 3633 497 3703 perfectum
515 3635 547 3687 in
565 3651 615 3722 naq.
633 3638 676 3688 ml
693 3634 724 3697 Τ,
744 3651 796 3689 om.
809 3635 839 3689 D
895 3636 926 3689 11
948 3635 991 3688 drh
1010 3636 1135 3690 nolumus
1148 3636 1177 3689 N
1198 3636 1259 3689 dnm
1279 3653 1326 3690 uo·

181 3759 308 3812 lumuaX
364 3759 396 3812 12
414 3724 642 3829 perrectum‘esse
661 3759 686 3812 Τ
702 3759 850 3828 perfectum
871 3775 960 3829 ossea(
979 3760 1126 3829 perlectum
1143 3767 1203 3826 (om.
1220 3761 1290 3830 esse)
1303 3761 1331 3814 P

184 3849 217 3902 13
235 3847 367 3901 historiae
386 3851 514 3917 operatur
532 3847 603 3900 lt‘P‘
674 3850 706 3901 14
726 3851 842 3916 sequuta
860 3849 889 3902 N
958 3850 991 3902 16
1011 3849 1139 3904 delictum
1164 3850 1220 3902 TN
1235 3849 1329 3904 delicti

183 3941 230 3990 oct.
302 3936 461 4008 interioria
541 3935 701 4006 reprehendi
722 3937 808 3990 TND
827 3936 992 4007 deprehendi
1012 3943 1058 3992 oct.
1133 3940 1164 3992 17
1184 3938 1329 4011 uicloturx

218 4024 324 4092 culpam
350 4025 439 4093 gratia
463 4025 494 4078 D
620 4025 654 4080 18
679 4024 817 4094 caligabat
838 4026 869 4080 D
995 4029 1031 4080 20
1057 4031 1088 4080 ut
1112 4026 1216 4080 doleret
1234 4027 1328 4081 eodem

182 4111 310 4182 redargui
333 4116 405 4166 teate
427 4114 483 4168 TN
505 4116 537 4168 ut
561 4113 638 4168 dolor
661 4118 733 4168 esset
757 4117 867 4184 grauior
892 4115 963 4185 quod
983 4117 1016 4169 ab
1037 4115 1130 4169 eodem
1149 4116 1329 4185 redarguente

184 4202 241 4254 eiua
258 4202 290 4255 1)
312 4204 344 4254 ut
363 4202 439 4256 dolor
458 4207 486 4257 et
505 4203 621 4272 (doleret
639 4219 708 4258 corr.
727 4208 774 4257 m3
796 4205 839 4275 T‘)
863 4204 956 4258 codem
976 4205 1115 4274 redarguit
1134 4221 1192 4258 esse
1211 4205 1275 4258 BT‘
1298 4207 1330 4258 ut

184 4288 289 4343 doleret
308 4289 403 4344 codem
421 4291 601 4362 redarguente
615 4291 678 4345 PM
695 4299 721 4345 ct
740 4293 783 4359 (ia
799 4308 856 4346 roa.
876 4293 942 4349 curia.
960 4294 1058 4362 matri)
1073 4293 1108 4346 B‘
1128 4297 1156 4348 et
1174 4296 1205 4347 ut
1225 4293 1330 4348 doleret

184 4377 217 4430 ab
237 4377 331 4432 eodem
350 4381 407 4433 eiua
427 4385 469 4434 est
487 4380 661 4451 redargutum
680 4382 715 4435 P‘
770 4383 805 4436 24
825 4383 936 4438 ciuitate
955 4399 1009 4436 una
1027 4383 1056 4436 D
