3100 4967
409 469 451 523 De
469 469 550 524 Iacob
568 470 583 523 1
601 470 626 534 8,
646 471 688 525 37.
708 470 743 524 38
763 469 857 539 (1457
876 470 991 525 13-458
1009 471 1052 537 Β).
1260 473 1303 535 29

150 668 238 729 totus
268 666 408 729 mundus
437 666 620 730 diuitiarum
650 670 699 729 est
722 702 775 740 ·--,
804 666 889 748 quod
916 665 1151 750 ignobilitatem
1179 666 1301 743 defleat,

151 772 204 853 qui
230 772 348 837 debent
372 772 532 855 despicere
556 773 659 857 regias
683 776 872 855 potestates,
892 772 1047 837 diuitibus
1067 776 1100 837 et
1116 773 1301 856 potentibus

149 878 317 960 imperare.
337 878 414 943 haec
435 878 519 943 enim
538 878 607 943 uita
625 879 713 955 iusti,
729 879 783 960 qui
799 878 894 942 etiarn
910 897 990 959 quas
1004 878 1119 943 lrabeat
1132 879 1302 945 facultates

149 1004 339 1049 communes
368 986 534 1049 aestimare
563 983 685 1061 debeat,
714 984 813 1049 irnmo
841 985 937 1049 etiam
968 986 1118 1066 inopibus
1151 986 1301 1064 diuidere,

120 1091 336 1176 adispensare
368 1092 570 1174 pauperibus,
599 1092 737 1155 recidere
770 1092 955 1174 uoluptates
987 1092 1140 1175 proprias,
1173 1095 1302 1157 tenuare

149 1200 329 1280 sumptum,
372 1199 517 1263 adhibere
558 1199 785 1280 parsimoniam
821 1199 1059 1281 temperant-iae,
1097 1198 1302 1263 sobrietatem

148 1308 257 1369 tenere
272 1306 305 1369 in
320 1305 488 1389 prosperis,
504 1304 689 1388 patientiam
704 1304 735 1368 in
751 1304 904 1381 aduersis,
920 1306 951 1368 in
968 1305 1075 1370 dolore
1089 1306 1301 1382 tolerantiam,
1328 1317 1350 1372 Ε

148 1412 446 1496 magnanimitatem
470 1413 501 1475 in
525 1412 687 1493 periculis,
707 1410 853 1476 sanitatis
875 1414 1046 1494 perpetuae
1070 1416 1147 1477 uota
1168 1412 1301 1490 nescire,

149 1519 263 1583 mortis
283 1518 467 1583 inminentis
486 1524 603 1583 terrore
618 1537 679 1583 non
695 1519 822 1583 concuti
837 1538 938 1600 neque
953 1538 1025 1582 eum
1040 1519 1301 1601 praestantiorem

109 1630 261 1708 inputare
300 1627 352 1691 eui
390 1626 564 1691 secundum
606 1633 749 1693 naturam
792 1628 885 1692 liberi
925 1628 1094 1711 propinqui
1131 1627 1302 1691 salubritas

149 1733 273 1797 laetitia
297 1732 459 1798 affluentia
482 1733 729 1798 redundauerint
752 1754 846 1816 quam
866 1736 919 1799 cui
936 1735 994 1798 illa
1017 1734 1174 1799 defuerint
1198 1752 1300 1815 neque

74 1845 108 1909 38
150 1840 285 1904 externis
310 1840 440 1917 saeculi,
465 1840 521 1904 sed
543 1840 675 1905 uirtutis
700 1841 887 1905 domesticis
910 1841 1025 1905 merita
1046 1858 1188 1922 pensare.
1213 1840 1301 1905 illam

150 1964 276 2027 quoque
300 1946 434 2011 formarn
458 1946 536 2010 iusti
560 1966 631 2011 esse
655 1948 726 2031 quis
751 1948 878 2013 abnuat.
903 1950 940 2011 ut
962 1947 1041 2011 nihil
1064 1950 1197 2013 metuat.
1222 1949 1300 2012 nibil

149 2052 333 2117 reformidet
356 2052 415 2116 nisi
440 2053 571 2117 uirtutis
597 2053 762 2137 dispendia
785 2054 981 2136 aliorumque
1001 2072 1099 2117 uanas
1118 2054 1300 2119 formidines

110 2182 133 2222 u
150 2157 337 2241 conprimat,
362 2176 441 2239 quas
471 2158 609 2222 babeant
637 2158 674 2222 de
702 2159 916 2242 periculorum
940 2159 1165 2235 sollicitudine,
1189 2159 1300 2224 mortis

150 2264 274 2341 timore,
309 2263 447 2347 corporis
480 2264 674 2343 infirmitate,
708 2268 745 2330 ut
782 2264 896 2330 doceat
932 2264 1068 2330 dissolui
1106 2284 1236 2347 corpore
1269 2272 1398 2332 et458lt

150 2388 221 2435 curn
247 2370 373 2436 Christo
398 2390 469 2435 esse
492 2371 594 2436 nrulto
619 2372 746 2447 melius,
770 2374 809 2435 ut
832 2372 979 2437 ostendat
1003 2372 1078 2453 quia
1102 2372 1300 2455 operationes

151 2496 210 2541 non
237 2476 455 2559 impediuntur
482 2477 701 2543 debilitatibus
731 2478 881 2560 corporis,
912 2479 968 2542 sed
998 2484 1164 2563 augentur.
1199 2498 1300 2561 neque

153 2582 318 2664 splendore
343 2584 466 2667 generis
491 2586 547 2647 aut
568 2584 818 2667 propinquorum
842 2584 996 2649 subsidiis
1020 2587 1077 2649 aut
1099 2586 1223 2667 opibus
1244 2585 1301 2649 sed

110 2718 134 2757 ro
152 2688 232 2754 bono
261 2690 501 2753 commendetur
529 2690 654 2754 affeetu.
689 2710 792 2773 neque
816 2691 901 2754 enim
923 2692 1029 2756 minus
1053 2692 1166 2757 beatus
1189 2691 1300 2755 Helias

153 2814 244 2877 quam
268 2797 407 2879 Moyses,
432 2816 505 2861 cum
530 2796 609 2862 alter
628 2798 689 2861 cibi
709 2797 861 2881 indiguus
880 2796 1030 2862 melotide
1050 2798 1108 2861 uili
1128 2799 1194 2861 sine
1213 2796 1299 2876 tiliis,

153 2902 217 2966 sine
254 2908 397 2986 sumptu,
431 2904 498 2968 sine
536 2902 662 2977 comite,
697 2906 778 2969 alter
813 2904 1003 2986 populorum
1040 2904 1163 2981 ductor,
1194 2904 1300 2967 laetus

154 3010 271 3087 subole,
304 3010 486 3074 succinctus
515 3010 667 3092 potentia,
697 3010 824 3075 diuerso
852 3028 965 3094 genere
993 3011 1141 3075 meritum
1170 3010 1299 3091 aequale

153 3114 361 3195 fundaueriut,
391 3118 475 3181 sicut
502 3116 533 3181 in
564 3118 727 3201 euangelio
757 3118 949 3182 declaratum
980 3121 1039 3193 est,
1068 3116 1192 3199 qrrando
1226 3135 1299 3179 cum
1324 3130 1347 3185 Β

111 3248 136 3288 2⁵
155 3220 276 3288 domino
302 3222 430 3287 lesuin
456 3224 696 3288 resurrectionis
721 3224 821 3307 gloria
838 3224 1044 3299 refulserunt;
1069 3224 1197 3288 uidetur
1215 3222 1299 3287 enim

240 3502 272 3555 rs
292 3500 411 3571 rnnrpp.
433 3501 456 3565 1,
477 3501 510 3555 aa
566 3501 598 3554 ar
619 3501 701 3557 anor,
724 3500 764 3566 11,
786 3502 820 3556 ar
874 3502 910 3555 ar
928 3501 1026 3556 naun.
1048 3501 1125 3566 ras

190 3676 204 3729 3
224 3677 284 3744 quis
302 3676 331 3731 P
349 3680 372 3743 (s
391 3694 450 3745 exp.
470 3682 527 3745 m2)
583 3678 647 3732 rin
667 3677 794 3748 operibus
812 3678 840 3731 P
898 3682 913 3733 5
933 3678 1058 3733 recedere
1078 3696 1094 3733 a
1112 3678 1299 3749 uoluptatibus

155 3765 267 3833 propriis
287 3766 322 3833 (is
342 3782 375 3821 eo:
393 3783 423 3820 as
441 3769 496 3833 nit)
511 3766 540 3820 P
592 3768 709 3837 recipere
730 3770 761 3832 (s.
782 3784 809 3821 u.
828 3770 877 3820 m2
895 3768 925 3821 al
942 3768 1052 3834 reicere)
1075 3767 1101 3820 V
1137 3768 1170 3822 10
1185 3769 1259 3823 cuius
1273 3772 1301 3823 P

192 3854 356 3910 salubritatis
375 3855 403 3909 P
448 3856 478 3910 11
500 3854 614 3910 fluentia
632 3856 660 3909 P
713 3855 932 3909 redundauerunt
952 3856 1032 3923 (Am)
1079 3858 1112 3911 12
1131 3857 1229 3912 seculis
1249 3860 1298 3924 (A)

194 3942 336 4015 domestice
354 3944 388 4001 tI‘
408 3947 449 4013 (oe
467 3950 514 3999 m?
532 3962 566 3999 ec·
585 3946 634 4015 cis)
654 3946 725 4001 uult
771 3946 804 3999 13
825 3961 931 4014 qnoque
950 3945 978 3997 P
996 3950 1043 4015 (qu
1056 3962 1103 4014 pr.
1122 3948 1153 3999 in
1171 3963 1228 3999 rua.
1246 3950 1298 4013 nil)

157 4030 193 4085 15
208 4030 305 4087 habeat
323 4032 403 4090 Pl'tt
456 4034 489 4087 17
509 4050 567 4087 esse
588 4018 717 4104 cum'x-pd
736 4034 810 4089 lf‘E
853 4034 887 4088 20
905 4032 1010 4104 bojrum
1029 4035 1053 4091 3
1071 4034 1202 4087 bonorum
1217 4036 1299 4101 (All)

196 4122 458 4176 commendanturN‘
473 4122 622 4177 etm2PV
673 4120 930 4191 bellanduna.)
966 4124 999 4177 21
1017 4123 1088 4191 enm]
1105 4123 1205 4192 cuim)
1257 4126 1298 4177 in·

158 4206 253 4277 diguus
271 4210 299 4265 D
319 4214 348 4279 (u
368 4210 417 4265 alt.
437 4214 519 4280 erus.)
539 4211 647 4281 indigus
666 4212 703 4267 N*
759 4212 794 4266 22
813 4212 967 4281 populi-tf
986 4211 1080 4283 populi
1099 4212 1171 4273 21OE
1240 4212 1296 4266 lae-

159 4299 322 4361 tus(nea·i
344 4298 401 4369 m2)
425 4298 483 4358 th⁴
502 4301 568 4354 laeti
588 4300 804 4373 (as.im3)it
899 4301 934 4354 23
953 4299 1143 4357 euboicum
1161 4301 1297 4359 soboles

159 4388 209 4439 m3
226 4394 269 4443 cet.
