3100 4967
216 460 258 523 98
685 459 884 514 Ambrosii

215 657 332 731 tamen,
361 657 398 718 ut
425 654 491 740 regi
515 655 698 736 prouiderat
719 655 933 738 interpretem,
959 676 1019 720 nou
1046 656 1137 738 quasi
1161 660 1282 741 gratus,
1308 659 1363 722 sed

215 761 306 842 quasi
335 760 469 826 callidus
498 761 662 826 intimarit
690 762 803 826 seriem
832 762 877 826 rai
906 765 1025 846 gestae.
1043 783 1117 845 ¹quo
1151 765 1277 848 cognitu
1310 784 1362 828 rex

216 884 341 948 quoque
356 886 429 930 eum
448 867 545 931 iussit
564 868 709 932 arcessiri
729 869 919 950 erutumque
940 868 978 932 de
999 887 1123 932 carcere
1141 869 1361 953 interrogauit,

215 972 243 1037 si
256 975 368 1054 posset
384 973 582 1056 interpretari
603 974 665 1037 sibi
685 974 854 1038 somnium.
876 974 967 1039 cuius
989 975 1206 1058 explanatione
1226 975 1362 1040 delecta-

213 1083 267 1144 tus
294 1081 432 1145 remouit
458 1081 616 1157 iniuriam,
644 1081 796 1146 honorem
820 1080 945 1147 detulit.
974 1083 1081 1164 itaque
1110 1082 1217 1146 uidete
1246 1083 1273 1146 si
1301 1102 1361 1147 nun
1395 1111 1408 1150 a

214 1188 434 1270 praesentibus
457 1190 491 1252 et
512 1188 576 1251 ista
599 1189 800 1252 conueniunt.
824 1189 938 1252 iniuria
961 1189 1059 1253 inlata
1083 1191 1132 1254 est
1154 1189 1242 1272 prius
1267 1208 1361 1272 qrrarn

214 1297 459 1378 cognosceretur
482 1314 500 1357 a
523 1313 607 1380 rege,
632 1295 735 1380 gratia
757 1295 866 1368 relata,
891 1295 946 1360 ubi
970 1297 1037 1379 regi
1063 1300 1112 1360 est
1135 1295 1292 1381 cognitus,
1317 1297 1363 1360 ita

213 1421 266 1466 rex
289 1403 383 1465 uacat
407 1402 509 1484 culpa,
535 1401 609 1483 qnia
633 1407 666 1465 et
688 1401 721 1465 id
746 1401 830 1485 quod
855 1402 978 1485 excepit
1001 1403 1051 1466 uir
1074 1405 1204 1466 sanctus
1227 1403 1361 1466 iniuriae

214 1508 352 1572 alienum
381 1507 443 1571 suit
472 1510 505 1570 et
530 1507 564 1570 id
593 1507 677 1588 quod
706 1508 827 1591 recepit
855 1509 974 1592 gratiae
1002 1509 1086 1592 regis
1115 1513 1165 1573 est
1187 1509 1361 1592 proprium.
1541 1593 1542 1598 ἵ

158 1617 201 1683 37
214 1614 372 1679 somnium
387 1617 496 1678 autem
511 1618 544 1678 at
558 1615 626 1678 eins
641 1614 859 1697 interpretatio
876 1616 1061 1680 huiusmodi
1077 1619 1140 1681 est:
1157 1635 1361 1698 quaecum·
1381 1645 1408 1682 ιο
1427 1625 1458 1679 D
1541 1667 1542 1708 ,

213 1741 285 1803 qne
308 1720 412 1802 iuquit
435 1719 540 1784 facit
563 1720 662 1785 deus
686 1723 873 1786 ostendit
895 1722 1060 1787 Pharao.
1091 1726 1246 1805 septem
1275 1742 1361 1788 uac-

213 1847 280 1892 uae
303 1827 430 1892 bonae
454 1830 610 1909 septem
638 1829 729 1892 anni
754 1831 858 1906 sunt,
884 1831 924 1892 et
948 1832 1105 1912 septem
1130 1830 1271 1912 spicae
1295 1829 1360 1894 bo-

212 1953 283 1998 nae
313 1937 469 2016 septem
499 1935 590 1999 anni
615 1937 718 1999 sunt.
744 1935 944 1998 somnium
967 1935 1120 2000 Pharao
1141 1931 1262 2000 'unum
1288 1938 1359 2000 est.

212 2045 252 2106 et
279 2045 431 2124 septem
461 2060 610 2106 uaccae
639 2060 807 2119 macrae,
836 2060 935 2123 quae
965 2041 1244 2108 ascendebant
1267 2049 1361 2124 post

212 2148 321 2228 illas,
351 2151 508 2230 septem
536 2147 629 2212 anni
658 2150 763 2223 aunt,
794 2151 832 2212 et
860 2151 1015 2231 septem
1040 2148 1178 2232 spicae
1202 2168 1359 2213 macrae
1380 2177 1407 2216 1⁵

212 2256 252 2318 et
275 2257 432 2320 auento
453 2258 670 2337 corruptae
691 2257 845 2337 septem
867 2256 960 2319 anni
981 2259 1085 2320 sunt.
1106 2256 1186 2320 erit
1205 2259 1360 2338 septem

212 2359 326 2424 annis
346 2361 477 2425 samis.
497 2362 664 2425 uerbum
685 2367 819 2426 autem
838 2361 943 2443 quod
963 2361 1047 2426 dixi
1070 2363 1358 2444 ‘quaecumque

212 2465 309 2530 deus
351 2466 455 2531 facit
497 2466 684 2532 ostendit
723 2467 900 2543 Pharao’,
943 2485 1035 2532 ecce
1073 2471 1228 2551 septem
1266 2467 1357 2532 anni

210 2571 1357 2664 ueniuntubert'atismagnaeintotamter1·amhegypti;

209 2679 384 2745 ueniant
421 2682 553 2744 autem
592 2684 745 2764 septem
783 2681 874 2744 anni
907 2680 1026 2745 famis
1058 2683 1153 2762 post
1186 2681 1283 2745 haee
1318 2683 1452 2752 etna]
1541 2695 1542 2774 ζ

210 2785 519 2852 obliuiscentur
545 2787 775 2851 ubertatem
803 2787 840 2850 in
870 2790 960 2852 tota
987 2787 1183 2872 Aegypte.
1208 2790 1247 2851 et
1271 2807 1358 2852 con·
1541 2775 1542 2790 ἶ

298 3047 314 3100 ’2
334 3045 401 3100 Gen.
420 3048 463 3112 41,
485 3046 519 3100 14
538 3064 578 3116 sq.
636 3048 669 3100 10
689 3046 756 3100 Gen.
775 3047 820 3110 41,
840 3047 946 3101 25-32

244 3223 261 3275 2
280 3223 338 3292 regi
355 3223 383 3276 P
401 3227 432 3292 (g
451 3223 503 3276 dci.
522 3227 579 3286 m2)
647 3224 663 3276 3
683 3223 808 3276 arcessiri
826 3221 881 3276 ΒΟ
900 3222 998 3275 arcessi
1022 3221 1048 3274 V
1064 3224 1186 3276 arcersiri
1206 3224 1234 3277 P
1252 3229 1292 3276 rur
1312 3241 1356 3276 ac-

209 3312 301 3364 cersiri
319 3313 346 3364 P
366 3315 414 3364 md
437 3317 484 3366 cet.
593 3316 795 3380 cruentumque
816 3312 841 3364 B
862 3315 886 3375 (t
901 3327 946 3379 pr.
967 3315 1058 3378 eras),
1078 3317 1238 3381 erutumque
1256 3329 1308 3366 our.
1327 3313 1358 3365 N

208 3401 226 3452 4
244 3399 331 3468 possit
348 3399 376 3452 P
394 3404 473 3464 (com.
493 3404 550 3467 m2)
569 3399 665 3454 N¹VO
720 3401 734 3453 7
753 3401 848 3469 itaque
868 3400 904 3453 Ν·
969 3400 986 3453 8
1006 3401 1111 3471 excepit
1129 3401 1204 3454 NF*
1225 3401 1357 3469 excipitur

212 3488 239 3540 V
255 3489 355 3557 excipit
373 3493 419 3542 cet
512 3490 527 3543 9
546 3488 576 3541 id
594 3489 625 3542 N
630 3489 689 3542 VP‘
708 3487 769 3542 ideo
789 3494 837 3544 cet.
921 3491 1023 3559 recepit
1041 3489 1116 3542 NP“
1134 3491 1248 3559 requirit
1271 3489 1297 3544 V
1313 3507 1354 3543 re·

209 3577 276 3647 cipit
294 3584 341 3631 cet.
413 3577 486 3646 regis
505 3577 609 3646 gratiae
628 3577 719 3632 estN⁴
739 3578 812 3646 regia
833 3581 874 3632 est
893 3579 997 3647 gratiae
1016 3578 1058 3643 ΤΔ
1091 3579 1123 3632 10
1143 3579 1201 3632 eius
1220 3595 1253 3632 en
1271 3580 1313 3632 ius
1329 3579 1356 3632 P

244 3670 334 3718 antem
353 3665 411 3718 eine
431 3669 459 3719 et
477 3667 518 3722 11⁴¹
611 3667 642 3720 ll
662 3665 746 3720 faciet
764 3667 792 3718 P
811 3669 836 3734 (e
854 3683 876 3720 a.
894 3683 922 3718 u.
942 3671 999 3734 m2)
1020 3667 1048 3720 D
1151 3667 1252 3736 pharao
1273 3667 1357 3720 ΡΜ)

207 3753 282 3807 farao
304 3753 362 3806 BV
385 3756 489 3808 faraoni
512 3755 545 3811 11¹
571 3756 701 3824 pharaoni
725 3761 771 3809 cet.
868 3756 900 3810 13
924 3755 1025 3825 pharao
1049 3754 1176 3809 PP¹⁴D0
1202 3755 1276 3809 farao
1299 3755 1356 3808 BV

207 3843 325 3896 faraonis
344 3842 377 3899 11¹
395 3843 541 3912 pharaonis
560 3849 607 3897 cet.
682 3845 714 3898 16
734 3845 788 3897 erit
807 3845 877 3898 eninr
897 3845 931 3898 P
1011 3846 1042 3898 17
1063 3845 1141 3898 famis
1164 3845 1187 3894 B
1207 3843 1292 3897 fames
1310 3845 1353 3897 P⁴¹

209 3935 234 3996 (e
253 3947 287 3984 eo
304 3929 324 3997 i)
345 3937 392 3984 cet.
466 3931 519 3986 dixi
539 3932 579 3986 cd.
598 3932 677 3986 Rom.
699 3931 768 3986 dixit
786 3933 861 3990 11¹¹ss
878 3933 946 3986 dixit
964 3933 1039 3986 farao
1058 3933 1151 3990 Bacis
1167 3931 1234 3986 dixit
1254 3932 1354 4002 pharao

207 4025 255 4075 cet.
347 4021 379 4074 18
404 4019 470 4073 deus
494 4019 578 4073 faciet
601 4020 628 4072 P
648 4021 675 4089 (e
699 4037 720 4074 s.
743 4039 771 4075 ee.
795 4025 852 4088 m2)
876 4022 906 4075 D
929 4021 995 4075 fecit
1014 4021 1080 4075 dens
1098 4021 1137 4074 N‘
1156 4021 1223 4075 facit
1242 4021 1308 4075 dens
1331 4021 1357 4073 T

243 4109 342 4179 pharao
358 4107 440 4162 PDO
453 4107 528 4162 farao
542 4108 602 4160 BV
612 4108 717 4162 faraoni
730 4109 763 4165 a*
779 4110 907 4179 pharaoni
924 4117 970 4164 cet.
1008 4111 1042 4163 20
1057 4111 1169 4164 uenient
1181 4108 1356 4166 BuVEOT

206 4197 321 4250 ueniunt
337 4195 380 4254 11¹⁴
400 4197 492 4250 ueniet
511 4203 558 4251 cet.
669 4199 732 4251 anni
751 4197 813 4250 NV
831 4199 908 4252 annis
926 4200 954 4252 B
975 4207 998 4266 (s
1017 4203 1100 4266 erus.)
1120 4204 1166 4253 cet.
1271 4199 1351 4252 farris

204 4287 333 4344 Btt¹¹ET
359 4291 384 4339 ct
410 4286 492 4342 erma
518 4285 604 4340 fames
632 4286 1019 4357 u¹n21P‘¹(eseais)cu.
1137 4289 1168 4341 21
1195 4293 1298 4340 csumet
1325 4287 1353 4339 P

191 4377 230 4448 (d
248 4392 269 4428 a.
289 4375 327 4444 a.)
