3100 4967
237 426 301 491 290
719 424 916 479 Ambrosii

237 620 318 703 cipio
343 623 375 683 et
397 618 557 685 doctrinae
582 620 733 703 spiritalis
762 619 907 686 diruatur
933 620 1089 707 ingressu.
1117 620 1268 687 fundatus
1298 622 1382 687 eninr

236 746 296 793 usu
325 732 419 811 atque
448 727 668 793 exercitatione
695 726 871 793 immobilis
898 732 1082 811 perseuerat
1109 747 1165 795 nec
1191 729 1300 794 locum
1328 729 1383 795 dat

237 834 264 899 ei
294 834 348 917 qui
375 834 407 898 in
437 854 599 899 summum
628 834 719 917 quasi
747 834 975 920 transfigurans
1004 853 1037 900 se
1065 836 1098 899 in
1127 836 1276 921 angelum
1298 836 1381 901 lucis

237 944 368 1007 conatur
400 942 578 1007 ascendere.
611 941 665 1025 qui
699 941 726 1007 si
757 941 791 1006 in
823 942 916 1008 nobis
947 962 1006 1007 sna
1037 943 1129 1027 signa
1160 963 1220 1007 non
1254 941 1381 1021 uiderit,

237 1050 456 1114 auctoritatem
489 1047 657 1113 resistendi
689 1047 804 1114 habere
836 1067 896 1115 non
929 1049 1056 1133 poterit
1085 1068 1159 1135 ergo
1187 1068 1225 1115 ne
1253 1049 1385 1135 adfligat
1416 1072 1430 1111 e

237 1176 294 1221 nos
318 1154 476 1232 inimicus,
502 1173 539 1219 ne
562 1174 636 1219 ossa
659 1158 768 1220 nostra
790 1155 977 1240 confringat,
997 1175 1058 1221 non
1078 1155 1262 1221 deficiamus
1279 1175 1384 1239 perse·

240 1281 347 1327 narare
380 1262 411 1325 in
445 1260 583 1339 Christo,
616 1264 654 1327 ut
686 1261 771 1327 dieat
804 1262 842 1327 de
873 1262 984 1327 nobis:
1017 1262 1197 1327 triduum
1234 1262 1385 1328 habent

240 1368 342 1451 quod
365 1371 636 1451 possederant
658 1386 824 1444 mecum,
844 1371 883 1433 et
903 1367 1112 1434 dimittere
1131 1387 1199 1432 eos
1218 1367 1383 1432 ieiunos

239 1474 343 1551 nolo,
367 1494 412 1539 ne
437 1474 638 1539 deficiant
660 1474 698 1538 in
723 1474 800 1539 nia.
824 1475 949 1551 beatus,
974 1475 1026 1539 cni
1049 1474 1118 1557 ipse
1136 1474 1242 1539 cordia
1262 1473 1385 1538 dederit

237 1580 483 1661 irritamentum,
511 1584 548 1645 ut
576 1580 706 1645 deficere
734 1599 797 1645 non
823 1580 927 1663 possit
953 1580 985 1645 in
1012 1581 1108 1647 istius
1136 1580 1224 1645 uitae
1255 1578 1383 1645 tramite
1402 1608 1429 1647 ro
1445 1587 1471 1640 D

240 1687 443 1753 constitutus.
472 1707 530 1753 non
556 1686 662 1753 deficit
683 1687 740 1770 qni
764 1689 873 1770 sperat
894 1687 926 1752 in
951 1686 1076 1752 domino
1101 1689 1196 1770 atque
1219 1688 1249 1752 ei
1271 1687 1384 1753 intimo

240 1794 407 1859 confitetur
433 1794 558 1873 affectu,
584 1794 840 1877 quandoquidem
864 1795 962 1859 etiam
986 1814 1082 1876 eques
1105 1795 1171 1872 ille,
1195 1795 1288 1860 cuius
1312 1793 1386 1877 equi

240 1901 422 1966 calcaneum
461 1919 588 1984 serpens
624 1899 805 1978 momordit,
844 1900 906 1964 etsi
941 1903 1023 1965 retro
1066 1900 1191 1979 cecidit,
1233 1900 1384 1982 deceptus

239 2009 345 2074 tamen
370 2026 431 2073 non
456 2011 515 2085 eet,
540 2006 613 2090 quia
636 2007 773 2071 salutern
798 2008 978 2091 expectauit
1001 2026 1020 2071 a
1042 2006 1180 2073 domino.

152 2122 185 2207 8,
196 2128 238 2193 29
285 2116 391 2181 Tertia
437 2132 562 2197 quoqne
608 2112 832 2195 interpellatio,
878 2114 964 2195 quod
1003 2114 1035 2177 in
1075 2114 1180 2179 medio
1221 2113 1384 2179 hominurn
1405 2120 1472 2180 un

240 2223 398 2309 nequitias
435 2221 648 2286 exercentium
687 2220 881 2285 constitutus
919 2239 1046 2287 cansam
1083 2241 1174 2286 snam
1206 2221 1244 2285 ab
1277 2239 1386 2286 eorum

242 2330 388 2415 contagio
413 2329 521 2411 cupiat
544 2326 691 2411 seperari.
717 2327 803 2410 quod
825 2328 921 2393 rnulti
943 2329 983 2393 ad
1001 2326 1163 2394 dominum
1182 2330 1291 2393 Iesum
1308 2328 1386 2392 refe
1452 2334 1476 2388 F·

241 2439 373 2505 rendum
395 2438 519 2521 putant,
543 2454 579 2500 eo
599 2435 684 2517 qnod
703 2435 805 2519 ipsius
824 2435 925 2501 solius
945 2439 1073 2502 estnon
1092 2437 1203 2502 timere
1220 2434 1386 2513 indicium,

242 2546 297 2629 qui
319 2545 421 2609 uincit
444 2562 517 2607 cum
540 2542 706 2608 iudicatur.
731 2542 828 2607 habet
851 2542 934 2607 enirn
957 2562 976 2607 a
998 2542 1066 2608 uiro
1089 2543 1198 2626 iniquo
1221 2542 1386 2619 iudicium,

242 2653 273 2717 in
316 2650 401 2734 quod
442 2649 553 2714 uolens
580 2635 742 2715 'caristus
779 2649 966 2733 ingreditur,
1003 2655 1041 2715 nt
1078 2651 1175 2715 habes
1212 2650 1385 2731 nodotum:
1404 2673 1430 2711 so

243 2760 421 2844 populus
449 2776 570 2836 meus,
595 2754 692 2839 qnid
714 2756 797 2821 feci
821 2756 901 2821 tibi
925 2759 994 2821 aut
1017 2756 1113 2839 quid
1136 2754 1387 2821 contristaui

244 2866 306 2934 te?
329 2869 470 2931 ceterum
494 2883 566 2928 oum
587 2863 650 2945 ipsi
675 2881 767 2927 omne
786 2862 942 2928 iudicium
961 2863 1083 2929 dederit
1099 2866 1198 2945 pater,
1217 2881 1279 2928 non
1297 2861 1387 2945 qnasi

243 2972 366 3037 infirmo
382 2970 503 3051 utique,
516 2967 573 3033 sed
589 2968 680 3051 quasi
695 2967 771 3046 filio,
786 2968 991 3051 quodpotest
1004 2968 1072 3051 ipse
1087 2968 1192 3033 subire
1210 2966 1388 3031 iudicium?

246 3080 274 3145 si
301 3076 456 3143 iudicium
483 3074 583 3159 patris
612 3074 806 3139 arbitrantur
831 3074 897 3140 filio
926 3094 997 3140 esse
1029 3073 1242 3150 subeundum,
1274 3076 1389 3156 pater

335 3303 352 3355 3
380 3301 408 3355 11
426 3299 486 3355 Gor.
513 3301 554 3367 11,
575 3302 608 3354 14
698 3300 714 3354 6
742 3300 842 3356 Psalm.
865 3300 979 3354 xxxxl
999 3300 1030 3354 11
1123 3304 1139 3355 7
1167 3300 1268 3355 Mettis.
1293 3300 1335 3365 15,
1354 3300 1389 3355 32

246 3393 262 3446 9
290 3390 390 3445 Psalm.
412 3386 540 3443 XXXXII
564 3388 580 3441 2
672 3386 702 3441 11
731 3388 861 3443 Pronerb.
885 3388 929 3451 28,
952 3390 987 3443 25
1009 3389 1109 3443 Psalm.
1127 3388 1241 3443 XXXXI
1265 3390 1282 3443 6
1308 3392 1337 3443 et
1357 3389 1390 3443 12

248 3481 280 3535 12
301 3478 366 3533 Gen.
386 3480 430 3535 19.
451 3478 483 3531 11
499 3493 538 3547 sq.
578 3476 904 3531 15Pss1m.xxxx111
944 3478 975 3531 21
996 3478 1149 3542 orienda
1186 3478 1221 3532 22
1240 3477 1299 3531 loir.
1314 3480 1340 3541 ὅ,
1354 3477 1389 3530 22

247 3569 281 3622 24
300 3567 358 3622 Ioh.
378 3570 403 3629 5,
423 3565 457 3620 22
477 3582 517 3634 sq.

283 3691 298 3745 3
316 3688 512 3759 transfigurans
531 3686 559 3741 P
577 3691 601 3753 (s
615 3704 661 3756 pr.
680 3704 702 3743 a.
722 3688 760 3756 a.)
834 3690 863 3742 in
881 3705 932 3744 om.
951 3689 979 3742 B
1039 3691 1057 3743 4
1074 3689 1181 3743 uideret
1199 3688 1226 3743 P
1244 3689 1291 3755 (·it
1309 3688 1391 3753 corr.)

246 3778 311 3834 DP‘
367 3774 561 3830 rhabetDP
617 3777 647 3829 11
668 3776 765 3830 intimo
781 3777 806 3829 ei
819 3775 883 3831 DP¹
939 3777 973 3831 12
990 3776 1038 3831 ille
1054 3792 1134 3846 eques
1146 3776 1201 3831 BG
1255 3778 1287 3830 15
1306 3778 1390 3830 metio

247 3865 468 3931 P(ds.tm2)
542 3866 574 3919 17
595 3864 757 3934 contagione
778 3864 808 3918 D
881 3865 914 3919 18
934 3867 1043 3919 estem.
1063 3866 1091 3919 B
1156 3866 1187 3919 21
1208 3864 1391 3935 populeDP'

284 3955 344 4023 quit
354 3954 403 4011 alt.
414 3954 442 4007 P
453 3954 482 4006 in
496 3970 548 4023 quo
561 3954 587 4007 B
623 3954 657 4007 22
677 3954 730 4023 ipsi
749 3970 828 4007 omne
846 3953 977 4008 indicium
996 3954 1087 4008 PDP‘
1106 3971 1184 4008 omne
1201 3954 1332 4009 indicium
1350 3953 1391 4007 illi

249 4080 313 4151 (ipsi
335 4078 370 4142 0)
389 4078 443 4132 ΒΟ
513 4078 547 4133 23
566 4079 659 4147 utique
679 4078 785 4133 infirmo
805 4079 869 4133 DP⁴
944 4058 1000 4133 'sed
1019 4080 1096 4147 quasi
1114 4080 1170 4133 filio
1188 4078 1217 4132 B
1236 4082 1299 4147 (ons.
1320 4077 1391 4149 qnod

250 4166 378 4225 ...dedit
397 4167 466 4231 fi1i0;
485 4169 516 4221 in
535 4184 584 4237 my.
604 4170 651 4221 m2
715 4168 809 4231 Deest,
829 4184 899 4235 quoe
916 4168 997 4236 infra
1014 4169 1046 4222 in
1064 4184 1113 4238 oro.
1128 4168 1193 4222 odd.
1209 4168 1239 4221 ai
1255 4168 1302 4222 scd
1316 4167 1393 4237 qnasi

251 4300 255 4311 .
269 4298 274 4308 .
287 4300 292 4311 .
304 4254 432 4309 indicium
451 4256 541 4309 subire
553 4299 558 4308 .
570 4300 576 4313 .
587 4296 593 4309 .
605 4260 636 4309 nt
650 4272 741 4309 omnes
757 4263 808 4310 etc.
824 4256 874 4311 Vei
889 4257 940 4311 sic:
955 4256 1002 4310 sed
1018 4258 1095 4326 qnasi
1106 4300 1112 4310 .
1124 4302 1129 4312 .
1142 4256 1249 4311 ,subire
1264 4255 1392 4310 indicium

250 4389 256 4401 .
269 4388 274 4401 .
286 4387 292 4400 .
303 4346 381 4415 pater
398 4344 491 4413 ntique
511 4348 574 4411 etc.)
