3100 4967
138 438 146 444 “
252 436 296 501 VI
725 433 942 488 Praefatio.

250 630 443 707 memineris,
477 648 539 711 qua
578 629 633 694 ille
674 628 854 695 Ausonium
888 632 926 693 ut
956 628 1144 711 scriptiones
1178 649 1252 695 suas
1290 650 1398 697 secum

252 736 499 803 communicaret
534 736 671 820 rogauit.
714 735 826 801 deiude
859 755 915 800 sua
950 740 1061 819 sponte
1093 737 1281 802 Ambrosius
1313 739 1399 804 hunc

249 844 369 909 libmm
392 843 576 926 imperatori
598 843 725 907 mittere
749 842 856 925 potuit
878 841 1048 925 perfectam
1073 843 1157 927 regis
1182 844 1299 908 summi
1322 845 1400 909 ima-

253 952 358 1035 ginem
378 950 407 1015 ei
427 950 466 1014 ad
483 950 673 1014 imitandum
691 949 923 1032 propositurus
947 968 1051 1031 neque
1070 950 1136 1015 sine
1161 969 1257 1014 causa
1278 951 1397 1016 factum

251 1077 321 1123 esse
344 1061 422 1139 puto
446 1059 483 1121 ut
505 1056 640 1120 Dauidis
664 1054 799 1120 bellicae
823 1058 855 1119 et
876 1054 1097 1137 imperatoriae
1120 1055 1258 1120 uirtutes
1281 1057 1313 1119 in
1337 1057 1399 1121 hoc

250 1166 360 1231 libello
402 1163 501 1228 tantis
538 1162 687 1227 laudibus
725 1161 965 1245 celebrentur‘),
1002 1166 1067 1226 tam
1105 1182 1199 1245 saepe
1236 1164 1331 1228 uenia
1367 1168 1400 1227 et

252 1270 468 1338 misericordia
503 1270 571 1335 eius
604 1268 866 1353 praedicenturi).
899 1288 936 1333 ac
967 1288 1000 1333 re
1032 1288 1109 1333 uera
1139 1270 1221 1334 inter
1245 1269 1338 1335 illum
1367 1274 1400 1335 et

251 1378 465 1469 Theodosium
490 1376 733 1442 similitudinem
756 1376 914 1457 quandam
936 1376 1130 1441 intercedere
1148 1396 1239 1441 nemo
1258 1377 1398 1461 negabit.

251 1506 324 1551 nam
353 1488 385 1549 et
410 1484 462 1548 bic
490 1483 573 1549 bello
602 1482 750 1548 inclaruit
772 1483 957 1565 uirtutequo
981 1502 1039 1548 sua
1061 1483 1311 1567 rempublicam
1334 1503 1399 1548 ser-

251 1593 343 1658 uauit
384 1610 420 1657 ao
457 1590 600 1656 restituit
637 1593 669 1654 et
703 1589 841 1655 inimicis
877 1590 1012 1655 libenter
1046 1590 1173 1655 ueniam
1209 1590 1398 1673 impertiuit,

252 1700 396 1782 denique,
430 1717 510 1781 quae
538 1716 588 1762 res
616 1696 744 1761 maximi
771 1697 924 1761 momenti
952 1699 1012 1773 est,
1041 1695 1126 1762 sicut
1147 1697 1253 1762 Dauid
1280 1697 1397 1761 delicto

251 1827 269 1871 a
298 1826 332 1872 se
361 1804 531 1871 commisso
560 1804 764 1869 uehementer
792 1803 894 1870 doluit
920 1804 1097 1886 humilique
1120 1804 1214 1870 modo
1236 1802 1398 1887 paeniten-

250 1913 329 1979 tiam
363 1913 440 1997 agit.
474 1911 637 2007 achalam
674 1910 742 1975 eius
775 1910 946 1994 imaginem
973 1911 1161 1976 Ambrosius
1193 1911 1225 1975 in
1258 1911 1398 1976 oratione

251 2040 331 2103 quae
355 2020 394 2084 de
417 2018 507 2083 obitu
531 2016 701 2081 Theodosii
723 2016 909 2083 inscribitur
931 2017 1095 2100 expressit.
1127 2020 1266 2083 ceterum
1290 2020 1399 2082 utrum

252 2132 322 2193 ante
355 2147 393 2191 au
425 2130 500 2208 post
531 2127 670 2208 stragem
702 2123 790 2189 illam
819 2124 1132 2190 Thessalonicensem
1165 2125 1217 2190 hic
1245 2123 1326 2189 liber
1358 2124 1398 2189 ad

251 2236 472 2318 imperatorem
505 2232 624 2297 missus
657 2231 700 2296 sit
728 2232 800 2315 quis
828 2250 945 2314 quaeso
974 2231 1183 2297 diiudicabit?
1206 2231 1267 2296 boo
1289 2234 1397 2295 tamen

251 2344 371 2406 certum
409 2343 459 2404 est
495 2338 621 2404 codices
658 2338 774 2420 quibus
812 2339 934 2403 utimur
969 2358 1005 2402 ex
1042 2338 1184 2421 exemplo
1217 2337 1396 2403 Theodosio

252 2448 356 2512 dicato
381 2446 535 2531 originem
559 2445 696 2511 duxisse.
731 2447 903 2526 supersunt
930 2445 1085 2528 opuscula
1117 2444 1161 2509 de
1188 2444 1318 2522 Helia,
1351 2444 1397 2508 de

250 2553 473 2643 Nabuthae,
513 2554 556 2618 de
590 2552 722 2630 Tobia,
760 2572 840 2634 quae
877 2571 913 2616 ex
950 2552 1148 2617 sermonibus
1179 2552 1211 2615 in
1243 2551 1396 2616 librorum

250 2662 382 2725 formam
415 2658 541 2724 redacta
573 2676 642 2722 ease
675 2657 767 2722 facile
797 2657 1008 2722 'demonstrari
1036 2660 1152 2740 potest.
1187 2660 1219 2721 et
1245 2657 1330 2739 quod
1357 2656 1398 2720 ad

250 2767 387 2850 primum
415 2784 451 2830 er
478 2764 677 2830 sermonibus
706 2764 949 2848 quadragesima
976 2765 1104 2829 ineunte
1128 2764 1247 2830 habitis
1271 2783 1399 2847 compo·

251 2875 349 2939 situm
387 2872 510 2937 adtinet
547 2870 686 2936 sufficiet
721 2872 781 2935 hos
817 2871 907 2937 locos
939 2872 1015 2951 458,
1051 2872 1090 2936 17
1126 2869 1287 2955 (audistis
1321 2870 1397 2953 quid

250 2980 343 3047 hodie
375 2981 495 3045 lectum
523 2978 589 3064 sit’)
620 2983 651 3043 et
679 2980 755 3057 443,
785 2980 805 3041 5
834 2998 903 3061 sqq.
928 2976 1073 3062 (putatis
1178 2977 1313 3043 audistis

251 3087 381 3166 audite’)
414 3086 580 3168 inspicere.
614 3085 729 3168 quibus
763 3085 843 3149 adde
875 3086 973 3150 uerba
1005 3087 1081 3165 443,
1116 3088 1134 3151 7
1169 3087 1306 3168 ‘propter
1337 3085 1397 3149 hos

251 3195 442 3261 fortissimos
466 3194 574 3271 uiros',
598 3192 681 3258 unde
706 3192 888 3276 colligimus
912 3193 1057 3257 tribunos
1080 3192 1220 3256 militum
1241 3192 1398 3258 centurio-

251 3320 369 3384 nesque
393 3305 462 3365 tum
490 3300 521 3363 in
551 3300 684 3365 ecclesia
714 3300 865 3377 adfuisse,
888 3318 990 3381 neque
1014 3318 1031 3362 a
1053 3318 1129 3363 uero
1153 3299 1244 3363 abest
1265 3297 1398 3363 Ambro-

251 3409 345 3483 sium,
375 3427 446 3472 eum
474 3408 553 3471 bene
582 3408 677 3471 sciret
700 3426 754 3471 eos
778 3409 931 3471 uenturos
955 3424 1036 3484 esse,
1060 3404 1233 3470 orationem
1255 3404 1302 3469 ita
1325 3423 1397 3468 con-

250 3513 446 3592 formauisse,
484 3516 522 3577 ut
557 3514 661 3578 acrius
698 3515 730 3578 in
768 3515 954 3579 ebrietatem
986 3514 1198 3578 inueheretur.
1236 3516 1330 3596 atque
1363 3514 1396 3577 in

250 3620 379 3685 eosdem
404 3620 529 3685 derecta
551 3624 626 3685 sunt
649 3640 728 3704 quae
752 3622 828 3699 448,
855 3622 896 3684 13
919 3639 987 3702 sqq.
1012 3620 1051 3685 de
1075 3619 1291 3703 optationibus
1313 3619 1399 3684 inter

250 3727 422 3809 potandum
445 3728 577 3810 prolatis
606 3726 763 3793 dicuntur.
798 3727 830 3791 in
857 3725 966 3792 libello
991 3726 1029 3791 de
1051 3726 1220 3791 Nabuthae
1243 3745 1304 3792 non
1328 3729 1394 3790 tam

251 3837 336 3898 certa
367 3834 517 3917 pristinae
549 3834 667 3899 formae
701 3834 889 3899 documenta
920 3835 1040 3911 insunt,
1074 3833 1130 3897 sed
1162 3853 1198 3897 ex
1230 3836 1298 3898 tota
1325 3833 1395 3897 eins

250 3940 466 4021 dispositione,
490 3960 526 4004 ex
549 3941 661 4025 agendi
683 3941 805 4006 ratione
828 3945 860 4007 et
883 3941 1061 4006 elocutione
1085 3960 1158 4005 eum
1177 3940 1217 4004 ad
1235 3958 1396 4005 sermones

249 4046 349 4112 redire
382 4046 589 4132 intellegitur.
622 4068 734 4112 uerum
761 4067 823 4112 non
851 4047 967 4113 desunt
994 4048 1090 4112 eain
1117 4047 1199 4112 libro
1223 4046 1261 4111 de
1285 4046 1396 4124 Tobia,

298 4288 316 4359 1)
335 4289 369 4345 ef.
388 4290 449 4355 eor,
472 4290 514 4356 14,
535 4292 596 4355 are,
616 4293 644 4357 a
664 4292 725 4354 319,
747 4292 788 4345 rr.

296 4376 316 4443 ²>
337 4378 370 4431 cr.
388 4379 450 4445 313,
470 4381 498 4436 o:
518 4380 579 4436 arr.
600 4380 646 4444 rr;
665 4380 725 4446 are,
745 4382 770 4436 4.
