3100 4967
186 411 249 473 112
658 405 858 460 Ambrosii

179 603 381 668 deferendus.
396 622 452 684 per
466 601 605 666 ordinem
625 602 742 666 iterum
760 601 964 685 requiruntur
983 602 1101 667 sacculi
1120 603 1330 686 singulorum,

185 716 222 775 ut
263 711 345 774 scias
383 710 520 773 electum
558 709 695 773 Paulum
733 709 865 773 caelesti
904 729 973 774 esse
1010 710 1139 774 iudicio.
1178 711 1333 776 discussit

182 822 318 890 ceteros,
354 815 437 882 hunc
474 814 634 899 praetulit.
672 815 704 878 iu
741 815 863 880 nullius
901 816 1032 880 alterius
1067 835 1158 880 sacco
1192 818 1330 900 scyphus

183 926 334 989 inuentus
355 929 404 987 est
423 927 592 1008 argenteus
611 922 673 986 nisi
691 923 799 986 istius.
821 922 898 1005 quid
917 922 978 986 sibi
998 923 1069 986 uult
1089 923 1172 1006 quod
1192 923 1331 988 insertus
1541 1003 1542 1010 ἵ

183 1035 236 1096 est
263 1030 418 1094 sacculo?
445 1029 559 1111 Ioseph
591 1028 719 1111 quidem
748 1028 919 1092 inebriauit
947 1031 983 1092 ut
1009 1028 1144 1106 falleret,
1177 1031 1332 1113 scyphum
1350 1051 1363 1091 a
1380 1037 1486 1093 505A
1541 1027 1542 1064 ἵ

183 1137 275 1202 misit
301 1141 340 1201 ut
367 1138 494 1200 fratrem
534 1155 629 1218 quem
657 1134 813 1219 diligebat
845 1135 898 1217 pia
930 1135 1040 1199 frande
1072 1141 1244 1214 reuocaret,
1277 1136 1333 1200 sed

186 1247 346 1328 refulgent
368 1243 519 1326 mysteria
542 1242 659 1306 diuina.

122 1357 176 1420 ’63
230 1351 300 1414 Hoc
327 1350 451 1413 inuenit
477 1349 508 1412 in
537 1349 629 1414 uobis
659 1347 806 1413 Christus
836 1351 1014 1434 argeutum,
1040 1350 1124 1432 quod
1147 1349 1216 1432 ipse
1241 1350 1333 1415 done-

186 1458 278 1522 uerit.
298 1457 453 1520 babemus
478 1461 607 1520 naturae
631 1460 806 1540 argeutum,
832 1455 985 1520 habemus
1011 1462 1044 1520 et
1066 1457 1196 1542 gratiae.
1222 1461 1334 1521 natura

187 1583 267 1645 opus
296 1566 346 1627 est
374 1563 535 1632 creatoris,
565 1563 666 1646 gratia
693 1582 810 1626 munus
844 1566 893 1626 est
926 1563 1145 1646 redemptoris.
1180 1564 1240 1628 etsi
1272 1582 1379 1628 nou10

186 1690 358 1754 possumus
385 1669 494 1733 uidere
523 1669 604 1733 dona
633 1668 761 1746 Christi,
790 1669 845 1733 ille
873 1674 978 1734 tumen
1008 1670 1104 1734 donat
1132 1673 1163 1734 et
1186 1674 1333 1753 operatur
1396 1669 1424 1722 Β

187 1777 311 1842 occulte
341 1779 374 1840 et
401 1775 498 1840 donat
526 1776 684 1854 omnibus,
713 1775 769 1840 sed
798 1795 923 1840 seruare
946 1795 1120 1860 paucorum
1144 1781 1194 1841 est
1218 1781 1249 1841 et
1272 1797 1334 1841 uon

187 1885 341 1947 amittere.
370 1902 432 1947 nou
461 1883 608 1947 omnibus
637 1887 742 1948 tamen
771 1883 866 1947 donat
900 1885 1013 1948 omnia.
1048 1884 1189 1949 triticum
1223 1885 1333 1949 multis

187 1991 289 2068 datur,
324 1992 463 2074 scyphus
496 1991 560 2067 uni,
597 1990 651 2072 qui
682 1990 869 2074 prophetico
908 1993 939 2054 el
976 1990 1165 2056 sacerdotali
1201 1991 1336 2055 donatur

188 2116 326 2161 munere.
347 2116 407 2161 uon
428 2091 511 2160 eniiu
533 2097 647 2174 omnis,
668 2097 723 2160 sed
741 2095 897 2179 propheta
916 2097 1013 2161 dicit:
1039 2099 1209 2162 calicem
1233 2098 1334 2162 salu·
1355 2117 1381 2156 rs

121 2203 292 2272 littaris
321 2204 521 2286 accipiam
551 2207 589 2268 et
616 2222 755 2268 nomen
787 2203 937 2268 domini
966 2203 1177 2270 inuocabo.
1206 2205 1237 2268 in
1267 2224 1333 2269 cor-

188 2329 263 2392 pore
282 2310 380 2395 igitur
398 2311 491 2375 Pauli
510 2311 574 2375 iam
594 2311 755 2376 doctrinae
775 2311 924 2376 caelestis
945 2310 1127 2393 adloquium
1146 2311 1335 2396 refulgebat,

189 2435 261 2480 cum
286 2421 371 2481 esset
395 2418 538 2482 eruditus
563 2418 593 2482 iu
618 2418 698 2502 lege.
724 2418 780 2482 sed
805 2417 879 2499 quin
902 2417 1004 2482 adhuc
1028 2417 1172 2482 iustitiae
1196 2417 1246 2482 dei
1263 2418 1336 2482 sub-

188 2523 292 2587 iectus
326 2543 385 2588 nou
422 2528 498 2602 erat,
533 2525 615 2589 intra
648 2543 775 2589 saccum
810 2527 877 2588 erat
904 2523 1054 2607 scyphus,
1084 2524 1227 2589 doctrina
1255 2525 1337 2589 intre
1401 2532 1426 2588 C
1541 2515 1542 2518 '

188 2630 303 2714 legem,
335 2629 464 2694 lucerna
498 2631 580 2695 iutra
611 2629 765 2696 modium.
800 2630 918 2696 missus
955 2633 1060 2695 tamen
1095 2631 1243 2709 Ananias,
1282 2630 1383 2712 quin

189 2735 442 2801 benedictionem
462 2737 559 2816 daret,
580 2756 706 2801 maurum
729 2737 902 2819 inponeret,
923 2757 1051 2801 saccum
1072 2737 1221 2802 solueret.
1246 2756 1337 2802 sacco

190 2841 295 2906 soluto
319 2843 435 2909 reluxit
458 2847 625 2927 argeutum
645 2845 677 2908 et
696 2844 917 2909 decidentibus
938 2843 1079 2926 squamis
1100 2844 1191 2908 uelut
1209 2844 1338 2927 quibus-

190 2948 264 3012 dam
293 2950 376 3014 sacci
406 2951 546 3015 uinculis
572 2951 680 3015 statim
705 2949 797 3015 uidit.
824 2951 989 3015 uinculum
1014 2950 1083 3015 eius
1106 2951 1239 3033 perfidia
1262 2953 1337 3028 erat,

191 3052 350 3120 absolutio
380 3057 449 3121 eins
472 3057 550 3121 fides
573 3059 658 3122 lacta
682 3060 739 3123 est.
764 3061 797 3121 et
819 3058 890 3122 ideo
915 3060 1079 3140 tamquam
1103 3057 1209 3123 soluto
1234 3077 1337 3135 sacco,

190 3161 251 3223 hoo
275 3166 325 3227 est
348 3163 492 3246 deposito
515 3164 597 3247 legis
621 3164 790 3240 uelamine,
816 3164 901 3246 quod
925 3183 1022 3246 supra
1045 3183 1099 3228 eor
1122 3167 1173 3228 eet
1195 3163 1337 3248 positum
1357 3180 1383 3221 2⁵

190 3265 391 3346 ludaeorum,
429 3287 603 3334 conuersus
641 3269 680 3333 ad
719 3268 891 3346 dominum,
928 3269 1009 3334 liber
1042 3289 1058 3332 a
1090 3287 1171 3334 nern
1204 3268 1336 3351 adeptus
1400 3271 1429 3325 D

283 3516 295 3567 1
317 3514 384 3570 Gen.
404 3515 446 3576 44,
468 3515 498 3567 ll
521 3532 560 3584 eq.
661 3516 677 3567 5
697 3513 764 3569 Gen.
784 3515 827 3578 43,
847 3515 881 3569 33
985 3515 1016 3568 15
1036 3513 1135 3567 Pselm.
1156 3513 1226 3568 CXV
1246 3515 1263 3566 4
1281 3513 1337 3581 (13)

191 3604 227 3657 20
245 3602 344 3657 blattb.
364 3605 389 3666 ὀ,
411 3603 443 3658 15
463 3603 522 3658 Act.
542 3605 567 3666 9,
589 3605 621 3656 12
641 3607 670 3656 et
689 3603 721 3656 17
759 3605 869 3657 22101.
889 3605 913 3666 9,
936 3603 969 3656 18
1012 3603 1046 3656 25
1064 3603 1092 3656 Il
1113 3601 1172 3656 Cor.
1193 3603 1217 3666 3,
1233 3603 1264 3656 13
1280 3619 1338 3672 sqq.

231 3783 243 3834 l
265 3779 427 3834 differendus
447 3779 470 3831 11
568 3782 584 3834 2
603 3781 718 3835 Paulum
737 3798 787 3836 om.
807 3781 880 3837 ⁵11OE
973 3781 988 3834 3
1008 3779 1098 3850 sepius
1117 3780 1178 3836 Bau
1197 3797 1293 3850 scypus
1317 3779 1341 3832 V

192 3872 374 3937 dergentens
392 3871 520 3923 iuuentus
540 3873 581 3923 est
599 3869 630 3922 N
684 3869 840 3925 deacculns
862 3868 915 3922 [ID
992 3868 1094 3939 ecpium
1114 3869 1206 3924 Bu‘V
1258 3868 1340 3922 edo-

192 3958 354 4011 nuneretN
406 3959 437 4012 14
457 3959 547 4027 sepius
566 3957 659 4014 Burs
727 3957 885 4028 prophetico
905 3957 932 4010 B
951 3963 976 4024 (e
995 3961 1042 4010 m3
1061 3975 1094 4011 eo:
1111 3963 1139 4026 y)
1197 3959 1229 4011 15
1250 3973 1340 4010 omnes

193 4046 309 4101 PNVD
416 4047 541 4101 salutaris
559 4048 588 4100 B
607 4054 634 4113 (v
652 4064 674 4101 e.
694 4065 709 4102 o
728 4048 786 4118 ma)
901 4048 933 4101 16
951 4047 1084 4100 iuuocebo
1102 4046 1130 4098 B
1149 4045 1176 4111 (b
1197 4063 1229 4100 ex
1248 4063 1265 4098 u
1284 4048 1340 4112 md)

194 4137 227 4190 19
247 4135 336 4205 ecyius
356 4135 446 4192 Bae‘V
464 4137 564 4206 cyphus
583 4137 610 4190 P
663 4137 697 4190 20
716 4139 806 4190 tamen
828 4139 870 4188 est
892 4135 915 4187 T
933 4137 1023 4187 autem
1043 4137 1084 4187 eet
1103 4134 1158 4189 ΡΙ)
1217 4135 1250 4188 22
1270 4133 1340 4187 reln-

194 4226 231 4286 sit
249 4225 276 4278 P
293 4225 319 4295 (x
337 4243 358 4279 a.
379 4227 403 4295 s)
480 4227 514 4280 24
533 4225 600 4279 fides
619 4226 647 4279 B
667 4230 692 4294 (e
712 4243 745 4280 ex
763 4227 771 4279 i
791 4229 848 4290 m3)
922 4224 1010 4277 soluto
1029 4223 1062 4276 N
1066 4223 1150 4276 VP‘O
1169 4223 1273 4278 solutus
1292 4227 1340 4276 cet.

193 4317 228 4368 25
248 4313 321 4384 qnod
341 4315 370 4382 (d
387 4331 409 4371 s.
428 4320 468 4382 u.)
483 4316 561 4368 Bml
580 4316 659 4368 Pma
730 4316 848 4384 positum
869 4317 910 4367 eet
929 4329 1010 4382 supra
1029 4329 1074 4366 cor
1091 4313 1165 4368 WE
