3100 4967
638 443 861 500 Praefatio.
1283 450 1329 515 XI

177 638 306 703 tertium
340 640 471 723 insuper
501 658 631 703 numero
655 640 702 703 III
726 638 846 706 addito.
869 640 901 703 in
926 641 1040 707 ceteris
1067 642 1169 718 libris,
1193 662 1328 725 quorum

178 744 394 827 antiquissimi
428 749 503 810 sunt
534 745 700 809 Remeusis
734 748 799 810 355
837 750 869 811 et
899 746 1073 813 Uaticanus
1107 748 1329 831 bybliothecae

178 850 349 915 Uaticanos
378 850 525 934 antiquae
554 851 629 927 266,
663 851 736 917 6661
764 858 897 934 uterque
926 852 1058 930 saeculi,
1088 874 1142 919 eos
1166 854 1329 919 1666666-

179 958 282 1022 brosio
309 958 409 1023 habes
433 956 609 1040 adscriptos
631 962 663 1021 et
685 958 716 1021 in
742 978 796 1023 ser
818 957 917 1023 libros
942 958 1074 1025 diuisos.
1088 960 1113 1044 ¹)

732 1376 772 1443 H.

221 1676 331 1741 Altero
365 1673 461 1737 huius
494 1672 697 1757 praefationis
731 1673 901 1755 capitelli
929 1674 1013 1757 quod
1043 1675 1152 1739 ordine
1175 1694 1193 1739 a
1216 1694 1267 1739 me
1294 1676 1328 1739 in

180 1784 211 1847 iu
238 1786 328 1866 parte
357 1780 458 1864 prima
487 1778 662 1845 constituto
689 1781 882 1862 postulatur,
912 1778 949 1844 de
978 1780 1187 1863 temporibus,
1211 1781 1328 1864 quibus

179 1889 251 1954 libri
274 1888 336 1952 hoc
358 1886 523 1951 uolumine
548 1885 708 1950 coniuncti
732 1885 843 1968 scripti
867 1888 953 1964 sunt,
972 1886 1130 1969 agendum
1154 1889 1213 1951 est.
1233 1886 1329 1951 6666

182 1996 282 2059 tribus
307 1992 471 2077 opusculis
496 2010 576 2075 quae
601 1991 645 2056 66
670 1992 800 2067 16661),
830 1992 874 2056 66
897 1991 1057 2074 Ioseph,
1087 1992 1131 2057 de
1159 1994 1327 2077 patriar·

183 2102 271 2167 chis
300 2100 516 2165 inscribuntur
543 2099 607 2163 iam
634 2098 665 2162 in
694 2099 794 2180 partis
823 2098 941 2182 primae
970 2098 1152 2181 prohoemio
1177 2100 1329 2165 6661666-

182 2208 321 2290 positum
347 2208 406 2270 est.
430 2225 524 2287 quam
549 2204 588 2270 ob
613 2224 678 2269 rem
702 2224 752 2269 me
777 2204 887 2269 statim
911 2204 950 2269 ad
976 2204 1123 2269 libellum
1156 2205 1200 2269 66
1233 2206 1330 2289 fuga

185 2314 343 2381 saeculi
372 2316 566 2390 consertam,
590 2313 621 2377 in
647 2332 707 2395 quo
737 2313 890 2395 temporie
914 2312 1031 2377 certius
1056 2311 1226 2377 definiendi
1250 2311 1329 2377 indi·

183 2422 265 2485 cium
298 2420 403 2485 inesse
436 2438 535 2503 nuper
563 2418 638 2483 au.
662 2419 858 2483 Buechelero
891 2418 996 2485 edocti
1027 2438 1148 2484 sumus.
1183 2418 1210 2482 is
1243 2418 1329 2483 enim

184 2526 237 2612 (cl.
266 2528 352 2592 Mus.
381 2524 776 2610 11166611111111111293)
811 2525 1037 2590 animaduertit
1059 2526 1264 2590 Ambrosium
1297 2525 1328 2589 in

183 2633 242 2699 hoc
264 2633 346 2699 libro
373 2634 446 2711 176,
473 2634 524 2711 14,
549 2651 611 2714 quo
639 2632 709 2697 loco
738 2636 775 2696 ut
803 2630 1069 2696 constructionem
1098 2632 1130 2695 iu
1157 2631 1265 2697 uerbis
1294 2651 1330 2696 er

183 2740 320 2823 epistula
343 2740 381 2805 ad
399 2738 561 2805 Hebraeos
581 2736 626 2825 (7,
647 2738 703 2823 26)
723 2738 855 2821 prolatis
873 2737 957 2802 ‘talis
976 2737 1057 2801 enirn
1077 2737 1168 2803 nobis
1188 2736 1333 2803 decebat'

185 2845 373 2924 defenderet,
397 2846 474 2909 haec
503 2864 539 2909 er
564 2844 717 2910 Sallustio
746 2844 876 2908 adtulit:
905 2845 1020 2908 ‘locum
1045 2843 1209 2909 editiorem
1235 2863 1329 2927 quam

184 2952 361 3017 uictoribus
382 2944 533 3030 decebat’,
554 2970 589 3015 ea
609 2969 668 3015 non
690 2970 725 3015 er
743 2950 906 3026 Historiis,
922 2949 978 3013 sed
998 2968 1033 3013 er
1052 2950 1199 3013 Arusiani
1218 2950 1332 3015 Messii

187 3059 335 3143 exemplis
361 3058 575 3123 elocutionum
600 3058 654 3139 (cf.
680 3056 819 3122 Gramm.
843 3056 912 3121 Lat.
938 3056 999 3120 Vll
1022 3057 1098 3133 465,
1118 3056 1137 3119 2
1161 3054 1219 3141 Κ.)
1246 3075 1329 3120 sum.

185 3165 295 3248 psisse.
320 3184 398 3247 quae
426 3183 475 3228 res
504 3164 549 3229 eis
578 3182 658 3246 quae
682 3162 870 3227 Ambrosius
900 3162 1030 3227 adiecit:
1054 3162 1223 3244 ‘siqnidem
1247 3161 1331 3244 apud

102 3344 108 3353 ¹
186 3272 317 3355 eosqui
346 3271 514 3336 uerborum
539 3272 571 3335 ct
598 3269 814 3334 elocutionum
843 3268 996 3334 dilectum
1020 3269 1199 3333 habuemnt
1221 3268 1330 3332 huius-

187 3376 269 3444 modi
302 3378 464 3442 inuenitur
496 3376 620 3441 dicente
654 3376 770 3458 aliquo’
799 3376 877 3439 satis
906 3376 1139 3457 comprobatur.
1168 3394 1204 3440 eo
1232 3375 1333 3459 igitur

187 3504 261 3549 anuo
286 3503 349 3567 quo
372 3483 561 3548 Ambrosius
585 3482 731 3547 libellum
755 3480 893 3565 defuga
920 3481 1039 3546 saeculi
1068 3481 1197 3563 scripsit
1220 3481 1332 3547 Messii

190 3592 327 3672 exempla
359 3589 422 3655 iam
450 3590 481 3653 in
506 3589 670 3653 bominum
695 3588 860 3653 doctorum
883 3587 1031 3653 menibus
1055 3590 1143 3653 eraut
1166 3590 1199 3652 et
1222 3606 1330 3652 eorum

189 3714 340 3761 consensu
368 3696 509 3779 probata.
535 3714 629 3777 qurum
659 3694 696 3759 66
725 3714 791 3759 rem
819 3713 880 3758 non
908 3693 1074 3758 minimum
1097 3692 1130 3757 id
1158 3694 1333 3758 contulisse

189 3802 313 3868 uidetur
340 3802 425 3885 quod
454 3802 680 3887 grammaticus
709 3802 900 3885 opusculum
929 3820 1021 3864 suum
1048 3799 1177 3884 Olybrio
1202 3805 1235 3864 et
1256 3800 1331 3863 Pro·

231 4029 252 4097 ¹)
271 4028 368 4099 quodsi
384 4028 589 4098 quaeriturque
604 4032 725 4097 ternpore
740 4027 769 4080 hi
783 4042 920 4081 sermones
936 4026 1081 4096 conscripti
1095 4026 1159 4093 sint,
1173 4025 1331 4096 respondeo,

191 4118 238 4169 etsi
256 4118 356 4172 certius
375 4119 403 4171 in
423 4118 461 4173 eis
480 4116 610 4171 iudicium
630 4134 683 4170 non
703 4118 785 4179 extet,
802 4120 895 4169 166666
914 4132 947 4168 66
963 4114 1080 4185 quaeda
1099 4116 1228 4169 ecelesiae
1248 4119 1334 4182 statu,

192 4204 221 4257 de
249 4206 415 4270 haeresibus,
447 4206 480 4260 66
511 4206 668 4277 gentilibus,
700 4204 734 4259 de
764 4203 872 4257 Iudaeis
907 4219 1052 4273 eorumque
1085 4220 1145 4257 curn
1171 4202 1334 4258 Christianis

192 4294 432 4349 concertationibus
458 4298 486 4349 et
511 4294 733 4353 altercationibus
759 4294 885 4347 dicuntur
910 4293 1001 4346 666616
1024 4291 1066 4345 ita
1091 4296 1248 4363 comparata
1265 4308 1325 4345 esse

193 4384 298 4451 atquin
318 4382 434 4453 scriptor
452 4382 585 4438 Ambrosii
605 4382 726 4453 aequalis
745 4380 828 4435 luerit
846 4379 965 4435 dubitari
983 4396 1037 4433 non
1055 4380 1150 4449 possit.
