3100 4967
383 445 519 515 Apologia
532 444 624 499 Dauid
637 445 723 500 altera
734 446 760 512 8,
774 447 818 501 40.
833 447 866 501 41
888 449 972 514 (1721
985 447 1098 503 A-7aa
1108 448 1152 516 Α).
1258 453 1323 517 385

177 639 348 704 adomauit.
378 643 446 706 erat
474 641 557 705 enim
586 641 690 706 adhuc
714 641 799 706 nuda
821 641 991 721 uirtutum,
1016 643 1090 726 quia
1113 664 1168 727 per
1190 643 1323 710 insidias

177 748 333 829 serpentis
353 747 547 831 genitalibus
567 751 635 812 erat
652 753 783 812 naturae
803 767 878 812 suae
898 749 1021 814 exuuiis
1041 750 1205 815 destituta.
1221 771 1323 833 neque

178 849 261 917 euim'
284 853 353 917 uen'
376 854 481 918 simile
504 855 642 933 uidetur,
666 860 703 918 ut
727 858 799 919 ante
823 855 953 920 domum
976 857 1061 941 rogis
1086 857 1203 921 mulier
1225 858 1325 922 nuda-

176 963 272 1038 retur,
292 963 364 1026 anto
383 961 513 1026 domum
532 962 617 1046 regis
635 961 753 1026 femina
771 979 806 1026 se
824 963 956 1041 iuuaret,
977 963 1068 1045 quasi
1086 963 1177 1029 locus
1196 966 1323 1028 lauacro

145 1069 362 1151 soportunior
388 1069 470 1134 alius
498 1089 569 1134 esse
597 1088 658 1134 non
680 1071 802 1153 posset.
825 1087 887 1132 non
911 1069 1053 1151 quadrat,
1077 1089 1138 1136 non
1162 1072 1320 1156 congruit,
1347 1085 1373 1138 1)

177 1195 238 1240 uon
263 1194 336 1240 cum
359 1175 420 1240 fide
445 1177 610 1242 conuenit:
635 1177 734 1242 distat
753 1195 772 1241 a
790 1193 876 1254 uero,
897 1176 1043 1242 abhorret
1062 1197 1080 1242 a
1099 1197 1205 1244 sensu.
1224 1180 1321 1244 talem

176 1301 239 1360 rer,
262 1285 329 1346 tam
351 1283 559 1366 petulantem,
578 1287 643 1348 tam
663 1303 830 1365 procacem
848 1281 973 1348 horrere
992 1285 1108 1366 potuit,
1127 1305 1189 1350 non
1208 1305 1322 1350 amare.

99 1438 102 1444 .
178 1389 304 1454 anilla
336 1390 459 1456 sinon
491 1390 595 1456 uirilis
627 1391 1188 1476 uerecundarinecregiossaltim
1222 1393 1324 1456 uereri
1373 1381 1376 1387 ’

176 1497 283 1578 potuit
305 1500 480 1580 aspectus?
505 1517 542 1561 an
561 1497 661 1574 illam,
680 1499 867 1581 priusquam
885 1518 938 1563 rex
956 1498 1089 1577 uideret,
1109 1517 1166 1563 neo
1185 1499 1297 1564 minist
1315 1499 1321 1512 “

86 1603 165 1668 4110
180 1603 248 1668 eius
272 1622 376 1668 arcere
399 1606 598 1686 potuerunt?
623 1623 697 1689 ergo
722 1605 748 1668 si
772 1606 833 1670 hoc
857 1623 929 1670 cum
952 1603 1014 1668 fide
1037 1623 1097 1669 non
1120 1608 1229 1687 potest
1252 1625 1324 1670 con-

178 1712 296 1789 uenire,
337 1731 525 1794 quaeramus
564 1731 644 1794 quae
681 1712 745 1776 ista
782 1713 825 1778 sit
862 1711 961 1775 nuda:
994 1711 1147 1776 uidelicet
1186 1713 1325 1778 humanu

179 1818 321 1883 condicio
354 1818 503 1883 omnibus
535 1819 738 1883 uestimentis
772 1821 866 1884 exuta
898 1823 1038 1894 naturae,
1068 1838 1175 1883 carens
1204 1819 1324 1885 amictu
1351 1825 1373 1880 Ε

177 1925 415 1990 inmortalitatis
435 1929 467 1988 et
484 1925 683 1990 innocentiae
702 1927 840 2009 spoliata
859 1925 1034 2003 uelamine;
1055 1923 1160 1990 nudus
1176 1929 1225 1990 est
1240 1927 1324 1990 onim

179 2030 234 2111 qui
268 2035 400 2111 peccato
436 2031 576 2095 nudatur
612 2033 644 2095 et
677 2033 781 2114 culpa.
816 2031 950 2114 deniquo
982 2031 1037 2094 ille
1069 2029 1191 2114 primus
1225 2031 1325 2094 nostri

134 2161 160 2200 ω
180 2137 302 2220 generis
338 2140 487 2219 peccator
523 2141 619 2220 atque
654 2137 778 2202 utinam
816 2138 915 2217 aolus,
958 2141 1127 2220 antequam
1168 2141 1323 2220 peccaret,

179 2243 299 2307 nudum
328 2263 363 2309 se
391 2264 461 2309 csse
489 2265 550 2309 non
580 2245 698 2310 sensit:
726 2249 935 2329 posteaquam
963 2245 1120 2328 peccauit,
1145 2245 1266 2308 nudum
1290 2265 1324 2310 se

179 2369 250 2414 esse
282 2350 367 2416 uidit
398 2354 429 2415 et
455 2351 527 2417 ideo
555 2351 728 2434 tegendum
755 2352 843 2417 foliis
871 2353 1008 2436 putauit,
1039 2353 1113 2435 quia
1140 2350 1262 2416 nudum
1290 2369 1323 2415 se

180 2475 250 2521 esse
278 2459 440 2542 cognouit.
468 2459 572 2523 factus
602 2463 652 2522 ost
677 2459 778 2543 igitur
804 2460 859 2524 ille
888 2460 950 2524 sibi
978 2459 1092 2538 nudus,
1116 2462 1324 2542 posteaquam

179 2565 283 2631 factus
306 2569 451 2632 ostreno
476 2565 598 2649 culpae.
622 2566 653 2629 in
676 2566 733 2631 illo
758 2567 877 2631 nudata
900 2570 949 2631 est
973 2567 1076 2631 omnis
1094 2569 1233 2630 humana
1253 2585 1324 2631 con-

133 2699 161 2738 so
180 2670 274 2749 dicio,
296 2691 354 2754 per
375 2672 612 2736 successionem
637 2675 767 2736 naturae
791 2691 851 2736 non
877 2674 981 2737 solum
1002 2674 1122 2754 culpae,
1143 2673 1198 2735 sed
1228 2672 1324 2736 etism
1351 2682 1373 2734 F

179 2797 347 2842 aerumnae
376 2779 519 2844 obnoxia.
549 2797 623 2862 ergo
650 2778 705 2841 ille
734 2796 768 2841 se
797 2777 916 2842 nudum
946 2779 1046 2843 sensit
1069 2781 1101 2842 et
1123 2778 1216 2842 uidit.
1240 2779 1324 2842 undo

178 2885 225 2948 ite
256 2889 306 2950 est
339 2886 442 2952 omnis
474 2889 583 2951 nostra
615 2885 770 2963 condicio,
804 2887 842 2949 ut
869 2885 923 2967 qui
952 2905 985 2950 se
1014 2886 1134 2950 nudum
1162 2887 1326 2967 putauerit

178 2992 300 3059 nudum
327 2996 360 3057 et
386 2993 495 3057 uideat
524 2995 556 3056 et
584 2992 711 3057 sentiat.
736 2992 871 3074 denique
895 2993 949 3075 qui
974 2992 1104 3056 diuitias
1128 2993 1326 3075 concupiscit

178 3102 283 3166 nundus
307 3103 366 3180 est,
390 3101 446 3181 qui
470 3099 644 3164 contemnit
667 3099 838 3181 opulentus
862 3102 919 3164 ost.
943 3099 1020 3164 adeo
1046 3117 1124 3164 suus
1152 3099 1324 3182 unicuique

131 3230 159 3270 ss
179 3227 292 3273 sensus
321 3226 470 3271 aerumna
497 3209 548 3270 est
571 3208 603 3270 et
626 3225 684 3269 sua
708 3204 823 3286 cuique
847 3205 950 3270 uirtus
976 3225 1083 3288 expers
1106 3205 1239 3270 iniuriae
1264 3208 1323 3270 est.

179 3335 252 3400 orgo
276 3313 446 3378 humanam
470 3313 687 3377 condicionem
708 3311 812 3394 primo
836 3331 892 3394 per
913 3312 1019 3396 legem
1044 3313 1105 3376 sibi
1126 3312 1272 3378 Christus
1291 3313 1322 3376 in

179 3421 363 3505 coniugium
391 3419 579 3500 uindicauit‚
608 3439 703 3502 quam
730 3418 913 3500 repudiauit
940 3423 1061 3502 postea.
1090 3419 1173 3483 unde
1204 3421 1235 3484 et
1258 3419 1423 3483 aime-zan

215 3647 227 3700 1
247 3645 321 3699 nuda
340 3644 427 3699 adhuc
445 3645 577 3698 uirtutum
596 3645 632 3698 B‘
650 3643 724 3698 nude
742 3645 875 3698 uirtutum
895 3643 982 3699 adhuc
1001 3647 1035 3700 P‘
1134 3647 1150 3700 2
1171 3650 1229 3700 erat
1247 3647 1323 3716 goni-

177 3734 311 3807 talibusp
366 3735 382 3788 3
400 3734 497 3787 mulier
508 3776 513 3787 .
526 3777 531 3786 .
544 3775 549 3787 .
560 3735 633 3801 regis
652 3749 702 3787 om.
722 3731 807 3786 TBN
823 3739 848 3787 et
861 3734 921 3802 (qai
933 3740 1000 3802 poet
1012 3735 1118 3788 lanarot
1134 3735 1199 3788 add.
1215 3738 1246 3788 ut
1261 3739 1324 3788 ante

178 3825 286 3878 domum
304 3823 377 3892 rogis
394 3820 492 3876 mulier
511 3820 702 3886 denudaretur)
722 3820 796 3874 B‘P‘
863 3825 879 3876 5
899 3823 986 3890 possit
1008 3823 1094 3875 TDN
1159 3824 1173 3876 7
1193 3825 1248 3876 tarn
1265 3823 1322 3891 pm]

176 3916 248 3966 rotam
268 3913 288 3978 (i
307 3911 389 3978 eruo.)
411 3910 436 3963 T
512 3910 528 3962 8
547 3908 570 3961 si
588 3925 642 3962 non
662 3909 749 3962 uirilis
772 3908 828 3962 TN
844 3909 867 3962 si
886 3925 938 3962 non
958 3911 1016 3963 uiro
1035 3910 1128 3964 DPM
1144 3911 1202 3963 sine
1222 3912 1280 3964 uiro
1300 3911 1324 3964 X

213 4003 304 4055 saltim
327 4001 368 4072 Τχ
386 3999 482 4053 saltem
507 4002 553 4054 oet.
626 3998 714 4050 uereri
738 3999 831 4067 potuit
857 3997 992 4068 Tpotuit
1012 4000 1098 4052 uereri
1121 4001 1150 4054 N
1169 3999 1256 4052 uereri
1275 4015 1322 4068 po·

176 4094 276 4145 inisset
294 4095 341 4144 cet.
416 4089 449 4142 14
468 4092 497 4141 et
515 4087 593 4157 culpo
617 4086 820 4156 TaculpaN
881 4089 912 4141 15
933 4091 1014 4156 atque
1033 4090 1128 4157 utique
1148 4088 1252 4140 utinam
1272 4086 1329 4142 TN

179 4180 211 4233 17
229 4177 378 4248 tegendum
397 4193 426 4230 so
444 4175 545 4229 BB‘P‘
609 4176 643 4228 20
661 4191 710 4244 per
728 4175 924 4229 successionem
942 4181 1055 4230 naturae
1075 4193 1125 4231 om.
1144 4175 1178 4230 N
1242 4177 1276 4230 23
1297 4180 1326 4230 et

174 4285 220 4337 pr.
240 4285 292 4323 oce.
311 4267 365 4322 DX
450 4267 485 4319 24
508 4264 575 4318 adeo
599 4266 674 4332 auus]
695 4268 808 4318 otnero
827 4264 850 4318 si
869 4265 911 4317 uis
930 4265 958 4318 B
977 4269 1005 4318 at
1023 4283 1086 4320 uero
1107 4283 1170 4320 suus
1193 4265 1225 4319 T*
1244 4265 1324 4338 (corr.

178 4359 229 4426 sui)
248 4358 282 4410 P
355 4355 500 4424 unicnique
522 4353 577 4407 TN
595 4353 691 4422 cuique
711 4358 758 4407 eet.

203 4481 295 4522 XXXII.
309 4479 389 4520 Ambr.
398 4490 457 4538 pm
470 4481 490 4519 2.
1254 4461 1289 4514 25
