3100 4967
250 426 292 487 22
713 424 911 479 Ambrosii

252 622 310 695 est,
348 617 403 682 sed
439 618 470 683 in
510 618 704 683 conscientia
735 638 815 702 pura
847 620 886 685 ab
919 619 1006 684 omni
1036 618 1107 683 labe
1140 618 1264 701 peccati
1296 621 1330 682 et
1360 617 1393 681 in

251 726 319 789 eius
351 728 457 791 mente
491 727 545 809 qui
574 728 739 810 cognoscit
766 728 840 809 quia
868 726 953 810 qnod
978 726 1098 792 bonum
1127 732 1176 792 est
1203 727 1263 791 hoc
1292 724 1394 790 deleo
1454 730 1475 782 B

250 834 308 909 tat,
342 833 468 897 etiamsi
501 853 647 916 asperum
682 834 734 911 sit,
772 834 857 917 quod
894 837 1000 899 eutem
1035 833 1229 909 indecorum,
1266 826 1395 897 etiamsi

251 956 361 1015 annue,
388 958 450 1004 non
477 939 607 1004 mulcet.
637 958 711 1023 ergo
740 959 838 1004 cansa
863 940 942 1005 bene
971 938 1103 1005 uiuendi
1129 958 1193 1005 non
1225 939 1393 1004 delectatio

252 1046 433 1129 corporalis,
468 1044 522 1109 sed
555 1046 670 1109 mentis
702 1045 870 1129 prudentie
902 1049 961 1112 est.
999 1065 1059 1111 non
1088 1047 1170 1110 enim
1200 1064 1283 1123 cero,
1312 1064 1393 1128 quae
1423 1064 1435 1105 c

252 1152 395 1217 subiecta
409 1153 459 1216 est
472 1152 622 1233 passioni,
642 1151 698 1216 sed
716 1170 818 1231 mene,
837 1168 917 1235 quae
936 1150 1067 1231 iudicat,
1087 1152 1162 1234 quia
1179 1151 1259 1216 nihil
1277 1150 1393 1217 melius

251 1259 389 1324 delectat
416 1278 511 1340 quam
539 1259 744 1324 consiliorum
772 1258 922 1324 honestas
951 1264 983 1324 et
1015 1276 1146 1342 opernm
1168 1257 1392 1343 pulchritudo;

252 1386 289 1431 ea
310 1366 409 1451 igitur
431 1366 541 1430 beatae
564 1366 718 1447 interpres
744 1370 794 1431 est
811 1368 908 1431 uitae.
927 1368 1040 1431 melior
1058 1369 1109 1431 est
1126 1365 1210 1431 enim
1227 1364 1395 1448 prudentia

252 1474 305 1537 nel
333 1472 412 1538 ratio
438 1473 554 1537 arbitra
577 1472 736 1556 passionis
761 1492 854 1555 quam
880 1474 986 1556 passio
1008 1472 1286 1557 praestantiusque
1309 1471 1395 1554 quod

251 1579 374 1645 indicat
406 1598 501 1662 qnam
530 1578 614 1663 quod
642 1578 759 1644 iudicio
790 1580 970 1645 subiectum
998 1583 1058 1645 est.
1086 1598 1188 1662 neque
1216 1580 1299 1643 enim
1325 1578 1395 1642 fieri
1413 1584 1476 1641 coc

251 1689 369 1770 potest.
398 1690 436 1749 ut
462 1686 583 1751 ratione
616 1686 660 1751 sit
691 1686 806 1752 melius
840 1687 925 1770 quod
957 1690 1008 1751 est
1037 1685 1267 1751 inrationabile.
1297 1684 1396 1749 babet

252 1809 325 1877 crgo
354 1793 386 1857 in
415 1812 448 1858 se
476 1792 762 1859 remunerationem
791 1813 882 1858 suam
910 1794 965 1878 qui
993 1795 1137 1877 sequitur
1163 1794 1271 1859 lesum
1298 1795 1332 1857 et
1362 1792 1394 1855 in

251 1918 310 1964 suo
343 1900 457 1964 ellectu
489 1900 665 1983 praemium
698 1903 730 1965 et
767 1900 912 1985 matiam.
950 1901 1076 1966 etiamsi
1112 1900 1191 1965 dura
1226 1899 1393 1974 sustineat,

251 2006 364 2071 beatus
392 2011 497 2071 tamen
526 2010 575 2072 est
605 2008 672 2073 suis
700 2008 854 2085 moribus,
882 2006 995 2072 beatus
1023 2006 1103 2090 ipsis
1126 2007 1287 2090 perieulis,
1311 2006 1396 2071 sicut

253 2112 400 2178 dominus
421 2112 565 2178 definiuit
583 2113 711 2178 dicens:
730 2114 842 2179 beati
862 2114 928 2197 qui
947 2113 1277 2196 persecutionem
1296 2113 1392 2194 pati·
1414 2134 1439 2174 n

252 2226 373 2286 untur
395 2223 564 2305 propter
585 2220 806 2286 iustitiam.
1532 2307 1533 2312 ἵ

209 2332 250 2396 29
298 2328 357 2391 Est
384 2345 457 2410 ergo
485 2326 578 2390 beate
605 2326 673 2391 ulta
699 2328 732 2391 in
760 2326 953 2402 bominibus,
983 2325 1040 2391 sed
1066 2325 1099 2390 in
1125 2326 1177 2391 his
1205 2326 1338 2402 seilicet,
1362 2325 1395 2389 in
1532 2319 1533 2412 l

253 2434 369 2517 quibus
393 2434 489 2499 fuerit
511 2434 651 2517 perlecta
674 2434 751 2497 uita.
775 2434 918 2517 perfecta
941 2436 1049 2498 autem
1068 2432 1136 2497 nita
1153 2451 1215 2497 non
1234 2431 1395 2497 sensibilis
1532 2421 1533 2430 ¹

251 2541 324 2617 ista,
353 2540 409 2605 sed
436 2539 492 2605 illa
521 2539 719 2605 rationabilis
748 2540 923 2605 secundnm
950 2541 1172 2605 tractationem
1199 2540 1331 2606 rationis
1364 2541 1397 2603 et
1456 2549 1477 2601 Ι)

252 2648 367 2711 mentis
382 2647 599 2713 uiuacitatem.
614 2649 646 2712 in
663 2667 724 2731 qno
739 2667 801 2712 non
817 2651 868 2713 est
880 2648 984 2731 portio
998 2648 1146 2727 hominis,
1162 2646 1218 2712 sed
1230 2646 1395 2729 perfectio,
1415 2670 1441 2709 no

252 2772 334 2835 quae
352 2772 413 2818 non
437 2758 503 2819 tam
527 2755 559 2818 in
584 2754 767 2820 condicione
792 2757 843 2818 est
864 2753 1004 2819 hominis
1027 2772 1120 2838 quam
1143 2752 1176 2819 in
1197 2753 1395 2836 operatione;

252 2860 330 2923 hace
354 2858 437 2923 enirn
459 2858 589 2924 beatum
613 2860 699 2925 lacit.
723 2860 800 2924 huic
822 2860 923 2943 igitur
944 2860 1012 2925 uiro
1037 2859 1112 2943 quid
1131 2863 1182 2925 est
1199 2860 1317 2924 bonum
1335 2858 1397 2923 nisi

251 2966 321 3051 ipse
340 2964 423 3030 sibi?
443 2966 526 3048 quod
546 2966 651 3043 habet,
673 2970 704 3031 et
724 2966 815 3031 adest
838 2966 866 3031 ei
889 2966 949 3031 boc
972 2966 1090 3032 bonum
1116 2972 1148 3031 et
1171 2986 1267 3032 causa
1290 2966 1319 3029 ei
1339 2964 1398 3031 erit

251 3071 432 3137 futurorum
446 3072 610 3137 bonorum.
633 3074 670 3137 de
694 3072 753 3138 boc
767 3073 849 3139 bono
866 3072 944 3137 dixit
958 3072 1127 3139 Salomon:
1148 3072 1237 3138 bibe
1256 3090 1397 3156 aquarn

251 3176 298 3242 <le
331 3180 418 3243 tuis
452 3179 566 3245 uasis
599 3184 638 3244 et
670 3180 717 3244 de
751 3183 964 3263 puteorum
996 3183 1159 3245 tuorum
1196 3178 1442 3244 lontibusn

343 3422 377 3477 15
395 3422 494 3477 Matth.
514 3425 539 3487 5,
561 3423 594 3477 10
649 3424 682 3477 24
701 3422 829 3477 Pronerb.
850 3424 874 3485 5,
896 3422 1000 3477 15-18

292 3616 304 3668 l
326 3614 359 3669 ab
378 3614 451 3669 omui
469 3614 531 3668 labe
550 3615 577 3666 A
597 3616 627 3680 (a.
647 3618 695 3669 ma
711 3614 725 3666 l
744 3614 937 3683 abominabile)
958 3612 1158 3669 abhominabile
1181 3614 1254 3684 Tic.
1274 3612 1308 3668 ab
1327 3616 1403 3669 omni

252 3703 325 3770 labe)
377 3704 404 3757 in
424 3702 475 3757 dcl.
494 3708 543 3757 rn2
559 3704 596 3770 A,
616 3720 667 3757 om,
692 3700 717 3755 V
751 3704 767 3757 3
787 3702 965 3773 indequornm
983 3703 1012 3756 P
1028 3702 1181 3757 indecorem
1199 3704 1223 3759 a
1242 3706 1324 3769 (corr.
1343 3706 1402 3771 m3)

253 3791 408 3847 indecorum
428 3792 469 3849 a⁴¹
490 3792 609 3858 (ecorum
626 3792 658 3845 ic
676 3795 744 3858 rae.)
813 3792 933 3845 Aeneae
952 3792 989 3845 sit
1008 3791 1056 3857 (sit
1073 3809 1094 3845 a.
1114 3809 1142 3844 u.
1159 3792 1259 3856 m2iit
1333 3793 1403 3846 mul-

253 3882 356 3944 centii
375 3880 493 3933 mulceat
511 3880 553 3937 W
572 3888 629 3933 lcea
647 3880 679 3933 e'n
697 3880 765 3950 raa.)
785 3886 832 3935 cet.
870 3881 977 3934 benim
996 3879 1048 3933 del.
1063 3880 1104 3943 m,
1124 3897 1175 3933 om.
1189 3879 1262 3935 21⁴⁴E
1296 3882 1404 3935 limene

253 3970 317 4023 eT
389 3969 421 4023 13
441 3973 469 4021 et
487 3968 518 4039 (a.
537 3972 585 4021 m2
604 3968 695 4034 etiarn)
715 3969 743 4022 A
762 3969 845 4023 etiarn
867 3968 893 4022 T
910 3972 942 4036 (a.
960 3969 974 4021 l
993 3974 1022 4021 et
1039 3969 1166 4038 gretiam)
1240 3971 1269 4021 et
1286 3968 1403 4038 matiam

253 4074 305 4113 om.
330 4058 413 4112 VNT
483 4058 505 4111 si
526 4062 587 4123 (om.
608 4057 702 4125 etiam)
722 4057 808 4111 APD
862 4058 895 4111 18
914 4074 968 4111 non
989 4061 1019 4123 (a.
1039 4059 1087 4110 m2
1105 4056 1144 4122 in)
1165 4057 1192 4110 A
1211 4062 1238 4111 ct
1256 4061 1300 4123 (cc
1317 4057 1405 4122 inii*

253 4148 287 4202 21
309 4148 397 4202 estin
417 4146 574 4201 condicione
593 4147 636 4203 21¹¹
703 4147 738 4200 22
757 4146 825 4200 baec
842 4146 870 4201 P
886 4152 913 4201 ct
932 4151 963 4211 (a.
983 4149 1032 4198 rnt’
1049 4150 1091 4213 ea)
1111 4146 1138 4198 A
1157 4162 1190 4200 ea
1208 4152 1255 4201 cet.
1324 4145 1359 4201 23
1378 4145 1404 4199 ei

255 4235 329 4305 (alt.)
348 4239 376 4292 A
395 4241 427 4303 (a.
445 4240 491 4291 nat>
510 4236 572 4306 sibi)
626 4236 678 4299 sibi
698 4238 749 4290 erit
769 4236 843 4290 eiT
877 4237 912 4290 24
932 4234 998 4289 dicit
1019 4232 1046 4288 T
1102 4234 1222 4289 salemon
1241 4233 1316 4292 WB
1331 4234 1402 4289 ealo-

254 4342 318 4379 mon
335 4332 383 4381 oct.
438 4327 473 4380 25
492 4326 564 4379 uasis
583 4325 638 4379 tuis
656 4325 686 4379 D
