3100 4967
387 447 428 500 Ile
448 446 545 517 loseph
565 449 590 500 9.
613 447 656 509 10,
674 447 780 502 51-57
810 448 834 514 (Ι
853 447 905 503 502
925 447 1039 502 1)-503
1060 449 1101 515 E).
1257 453 1320 516 109

177 644 313 706 nester
350 643 508 708 senior?
542 642 713 724 superioris
748 645 798 706 est
829 642 1009 707 inferiorem
1044 643 1083 706 ad
1116 645 1320 727 conloquium

176 767 355 829 prouocare,
388 749 461 812 dare
494 749 647 813 sermonis
681 747 841 826 fiduciam,
876 769 1025 832 quaerere
1054 769 1115 814 non
1147 751 1252 816 solum
1281 752 1320 818 de

94 859 135 920 55
175 854 262 938 ipsis,
291 856 346 920 aed
376 857 472 921 etiam
501 858 539 921 de
566 857 761 940 parentibus.
791 857 983 938 respondent
1014 857 1080 920 illi:
1114 861 1224 923 recte
1258 865 1320 924 est

174 981 269 1043 puer
292 967 398 1043 tuus,
417 966 701 1046 paternoster.
720 962 775 1028 ille
796 964 950 1028 seniorem
970 963 1058 1042 dixit,
1079 967 1115 1028 ni
1133 965 1317 1031 honoraret:
1341 967 1364 1021 B

144 1068 227 1133 aisti
254 1089 388 1153 pueram
416 1071 630 1148 nominarunt,
659 1073 696 1134 ut
724 1070 881 1135 deferrent
904 1070 1096 1135 humilitatis
1120 1071 1319 1154 obsequium,

174 1176 256 1257 quod
284 1179 432 1240 senectus
461 1175 630 1240 honoratae
659 1175 702 1240 sit
731 1176 906 1261 dignitatis,
939 1177 1074 1259 pueritia
1107 1181 1213 1242 autem
1246 1180 1319 1244 sub·

174 1282 254 1346 ieeta
276 1283 425 1346 uideatur
448 1286 481 1347 et
503 1283 631 1366 propior
653 1283 862 1348 uerecundiae
887 1302 979 1365 quam
1005 1283 1182 1368 superbiae.

89 1393 131 1454 56
216 1389 463 1472 Respiciens
490 1393 623 1454 antem
643 1390 776 1454 oeulis
798 1389 1132 1454 uiditBeniamin
1153 1391 1318 1456 fratrem

175 1515 284 1560 snum
321 1516 363 1560 er
397 1496 529 1560 eadem
565 1499 700 1561 matre.
734 1496 853 1560 morale
887 1499 945 1574 est,
979 1499 1017 1561 ut
1045 1515 1124 1578 quos
1154 1497 1317 1582 diligimus

130 1623 155 1663 ro
173 1622 225 1668 eos
249 1603 416 1667 uideamus
440 1621 514 1685 prae
539 1603 651 1667 ceteris
672 1606 705 1667 et
724 1622 804 1685 quoa
824 1603 918 1666 animi
939 1603 1073 1667 intentio
1092 1607 1180 1668 tenet
1198 1605 1317 1687 priores

173 1729 225 1774 eos
250 1711 383 1775 obtutus
407 1709 546 1774 offendat
569 1711 744 1787 oculorum,
770 1710 928 1792 siquidem
948 1711 1135 1794 plerumque
1156 1712 1238 1778 cirea
1257 1714 1318 1778 alio

172 1817 286 1880 mentis
321 1816 526 1898 occupatione
559 1816 695 1880 districti
725 1835 804 1898 quos
834 1817 988 1882 habemus
1018 1821 1088 1882 ante
1118 1819 1227 1883 ooulos
1256 1829 1363 1885 nono

171 1922 330 1987 uidemus.
367 1923 413 1987 ita
450 1923 529 1987 duce
567 1923 670 1988 animo
710 1923 858 2008 dirigitur
895 1927 1003 1988 noster
1041 1928 1202 2006 aspectae.
1235 1926 1318 1990 uidit

170 2028 269 2114 igitur
297 2029 459 2094 Beniamin
488 2031 617 2094 fratrem
643 2050 736 2094 suum
762 2034 892 2095 sanctus
916 2029 1044 2114 Ioseph,
1070 2051 1165 2114 quem
1188 2033 1318 2098 tenebat

126 2136 285 2213 manime,
320 2155 413 2218 quem
446 2135 548 2200 oculis
581 2137 772 2218 requirebat,
807 2157 868 2220 quo
902 2138 1032 2202 absente
1068 2138 1180 2203 fratres
1218 2159 1316 2222 paene

170 2262 230 2307 nou
263 2242 396 2315 uiderat,
430 2243 504 2326 quia
536 2241 644 2308 uidere
679 2243 758 2307 nihil
787 2243 944 2327 proderat.
974 2263 1030 2309 nec
1060 2245 1165 2310 solum
1193 2246 1316 2312 uidisse

170 2351 338 2415 contentus
367 2351 457 2433 quasi
490 2351 627 2414 nesciret
658 2351 885 2434 interrogauit:
920 2351 984 2415 hio
1016 2352 1145 2416 frater
1177 2359 1316 2418 nestor

170 2460 232 2520 est
260 2457 594 2522 adulescentior?
624 2457 821 2522 consuetudo
851 2462 882 2522 et
906 2458 1007 2542 gratia
1031 2457 1171 2523 caritatis
1195 2465 1254 2536 ost,
1280 2464 1316 2524 ut

12 2642 14 2659 ,
170 2564 303 2630 dilectos
328 2565 420 2628 nobis
443 2583 505 2630 non
525 2564 630 2630 solum
651 2565 763 2643 oeulis,
784 2565 955 2630 sedetiam
976 2583 1119 2630 sermone
1139 2570 1316 2632 teneamus.

12 2664 14 2691 l
121 2690 150 2730 ιο
170 2673 344 2755 agnouerat
370 2671 486 2753 Ioseplr
515 2671 668 2736 dilectum
697 2691 802 2748 suum,
832 2672 889 2737 sed
915 2671 986 2736 ideo
1019 2672 1243 2756 interrogabat,
1277 2676 1360 2740 utD

79 2781 119 2844 57
171 2797 263 2859 quem
295 2781 425 2842 tenebat
457 2778 581 2842 animus
614 2797 675 2844 uox
708 2781 842 2843 sonaret.
878 2779 1011 2861 deniquo
1044 2798 1104 2844 non
1139 2782 1318 2863 expectauit

169 2888 207 2948 ut
228 2884 479 2968 responderetur,
505 2885 560 2948 sed
584 2885 733 2951 continuo
758 2885 918 2949 benedixit
941 2905 1012 2950 enm
1038 2889 1070 2950 et
1092 2887 1239 2952 turbatus
1268 2890 1318 2952 est

171 2990 318 3056 desiderii
338 2992 387 3056 sui
406 2992 523 3057 fructu.
548 2992 851 3074 torquebantur
874 2996 1005 3056 autem
1030 2994 1193 3058 uiscera
1217 2995 1315 3071 eins,

170 3097 243 3178 quia
258 3098 476 3180 conplectendi
496 3098 565 3163 eius
586 3118 679 3180 quem
699 3097 935 3163 desiderauerat
951 3099 1082 3164 libertas
1104 3099 1315 3165 differebatur.

117 3223 150 3264 aa
170 3205 535 3288 deniqueingressus
551 3204 589 3269 in
605 3205 929 3288 promptuarium
949 3205 1133 3288 plorauit
1152 3213 1190 3270 et
1209 3208 1317 3272 lauit·

168 3313 315 3376 faciem
340 3330 449 3376 snam
474 3315 513 3376 et
536 3311 744 3376 continuit
767 3331 817 3376 se.
842 3311 969 3396 grandis
994 3311 1108 3376 amoris
1129 3312 1230 3377 aculei
1253 3313 1314 3378 cito

169 3417 262 3483 corda
299 3423 516 3502 conpungunt,
549 3419 610 3482 nisi
644 3418 792 3482 desiderii
823 3419 911 3482 freno
943 3420 1094 3482 laxentur.
1129 3419 1360 3496 uincebatnrp

257 3607 476 3671 3Gen.43,27
527 3607 693 3674 8Gen.43,
714 3609 748 3663 28
802 3611 834 3663 17
855 3609 921 3664 Gen.
943 3609 1041 3674 43,28
1092 3609 1315 3674 redemendo

167 3697 202 3750 25
223 3695 288 3750 Gen.
307 3697 351 3759 43,
371 3697 405 3750 29
424 3713 464 3766 sq.

203 3832 221 3884 4
239 3836 317 3902 pater
334 3815 368 3885 a}
386 3815 429 3898 (m
447 3848 480 3884 ero
498 3815 530 3884 fir
548 3835 591 3882 ml
608 3831 651 3897 W)
670 3848 738 3901 puer
756 3833 819 3884 tuus
839 3831 879 3884 N
970 3836 985 3888 5
1009 3833 1050 3886 1111
1069 3833 1141 3888 ar‘E
1229 3834 1315 3886 nomi-

166 3924 303 3974 nauerunt
319 3919 354 3974 N
401 3921 416 3974 'l
436 3919 559 3990 proprior
576 3919 605 3971 B
623 3925 649 3972 et
669 3924 692 3985 (r
712 3921 761 3972 att.
782 3937 841 3989 emp.
860 3924 918 3986 ma)
937 3921 970 3977 ll*
989 3923 1097 3992 proprie
1116 3921 1171 3976 PD
1223 3922 1256 3975 10
1274 3925 1315 3975 te·

165 4013 216 4063 net
232 4006 373 4062 ni'DOT
388 4007 473 4061 habet
491 4007 524 4064 91‘
544 4010 589 4072 (er
607 4007 690 4061 debet
707 4026 742 4060 m.
763 4009 832 4076 aul.)
851 4009 924 4065 nr‘E
1014 4011 1046 4062 12
1066 4010 1187 4064 destricti
1205 4009 1244 4064 N'
1251 4010 1276 4062 V
1292 4016 1317 4063 et

167 4097 265 4167 (deero
284 4097 322 4167 di)
344 4095 369 4149 Τ
387 4096 512 4150 distructi
531 4095 557 4148 P
603 4097 635 4150 13
655 4095 796 4150 uideamus
815 4097 869 4150 ΒΟ
888 4103 913 4152 et
933 4102 959 4164 (a
978 4099 1059 4160 erae.)
1079 4098 1106 4152 P
1147 4099 1179 4152 16
1199 4099 1315 4169 (μήκη,

166 4185 296 4256 proderat
314 4202 364 4238 om.
385 4185 430 4250 Ν,
449 4203 470 4239 a.
489 4201 516 4237 u.
539 4185 564 4237 Τ
634 4186 779 4255 prodeerat
796 4186 823 4239 B
896 4188 926 4239 21
950 4187 1039 4240 animo
1058 4186 1090 4240 N
1159 4188 1193 4240 24
1213 4186 1315 4240 defere-

166 4274 248 4328 batur
267 4275 295 4328 B
313 4280 339 4328 et
357 4279 437 4340 (corr.
456 4277 514 4341 m2)
534 4273 562 4326 P
628 4275 663 4329 25
682 4275 896 4344 promptuarium
916 4276 943 4328 P
962 4279 1040 4341 (corr.
1060 4279 1113 4342 ml)
1133 4276 1176 4328 P'
1195 4279 1316 4344 promtu·
1357 4330 1362 4345 ,

167 4364 253 4418 arium
277 4362 328 4416 VO
381 4365 416 4418 26
435 4363 628 4417 continuerunt
645 4363 718 4416 BP‘
736 4369 761 4416 et
781 4369 861 4431 (corr.
881 4367 934 4432 mi)
955 4364 982 4417 P
