3100 4967
209 430 274 493 238
691 427 890 482 Ambrosii

207 625 372 689 laborabat
404 624 471 701 lob,
505 625 560 688 sed
594 624 773 689 sustinebat
807 626 839 687 et
871 624 1041 688 uerborum
1070 624 1158 689 iurta
1187 624 1355 689 uulnemm

207 751 303 795 onera
325 731 480 814 portabat.
501 731 584 794 uidit
603 750 676 795 eum
695 732 889 815 agonotheta
908 750 997 806 suus,
1018 731 1056 795 de
1075 731 1159 796 nube
1178 737 1212 795 et
1229 732 1356 797 turbine

208 858 336 902 manum
364 838 522 902 laboranti
551 837 639 903 dedit
666 842 698 901 et
727 838 928 901 obluctantes
958 840 1048 922 graui
1074 838 1168 922 lapsu
1202 838 1355 903 cecidisse

207 946 437 1028 pronuntiauit,
462 945 616 1009 uictorem
643 943 795 1020 adseruit,
820 963 967 1007 coronam
990 944 1117 1008 detulit.

176 1052 197 1115 9
254 1051 338 1131 Quid
362 1056 468 1117 antem
493 1051 635 1133 pulcrius
660 1070 753 1132 quarn
778 1051 890 1128 ridere,
915 1070 987 1115 curn
1011 1052 1214 1116 maledicitur
1236 1052 1353 1116 nobis?
1384 1076 1398 1115 a
1421 1057 1444 1110 Β

208 1160 344 1243 gaudere
360 1159 442 1223 enim
463 1159 626 1237 debemus,
648 1158 675 1222 si
695 1158 797 1221 aliena
816 1159 971 1226 dieantur.
991 1158 1131 1240 primum
1150 1159 1225 1241 quia
1242 1159 1354 1223 nolens

206 1267 355 1331 inimicus
385 1266 504 1349 aliquid
534 1266 703 1330 aduersum
734 1284 791 1329 nos
821 1265 934 1342 dicere,
964 1284 1025 1347 quo
1051 1267 1168 1330 crimen
1192 1266 1354 1349 adtigeret,

208 1394 268 1439 non
296 1374 421 1437 inuenit
448 1373 532 1456 quod
561 1394 671 1438 norum
702 1378 761 1449 est,
792 1373 846 1436 secl
874 1372 956 1436 falsa
983 1392 1038 1455 pro
1067 1374 1152 1437 ueris
1176 1374 1353 1456 conposuit.

207 1480 320 1545 deinde
353 1482 426 1564 qnia
461 1480 539 1545 dixit
570 1481 638 1563 ipse
673 1480 821 1544 dominns
848 1480 880 1543 in
911 1479 1075 1563 euangelio
1105 1481 1143 1544 de
1171 1480 1354 1545 huiusmodi

208 1587 436 1663 criminatione,
480 1606 559 1670 quae
601 1586 823 1652 innocentibus
866 1587 945 1651 falso
989 1588 1187 1670 irrogaretur
1227 1596 1356 1670 propter
1375 1610 1401 1647 io

206 1696 382 1759 iustitiam:
408 1694 571 1778 gaudete
596 1698 631 1757 et
656 1684 835 1770 exultate,
861 1694 1035 1775 quoniam
1059 1712 1201 1758 merces
1225 1698 1355 1759 nestra
1394 1688 1397 1693 ’

206 1804 327 1868 multa
365 1802 423 1865 est
460 1802 495 1865 in
517 1803 648 1865 caelo.
687 1804 791 1864 tacere
829 1820 902 1883 ergo
941 1800 1035 1864 debet
1068 1800 1122 1883 qni
1154 1804 1355 1886 recognoscit

206 1909 379 1985 obiectum,
404 1926 442 1971 ne
467 1908 584 1971 uulnus
609 1910 774 1989 exasperet
798 1910 830 1970 et-
853 1907 1017 1971 scindatur
1040 1908 1179 1978 cicatrix,
1198 1911 1303 1972 tacere
1322 1914 1355 1972 et
1423 1910 1443 1965 c

207 2015 262 2097 qui
290 2035 349 2080 non
379 2014 598 2098 recognoscit:
628 2014 718 2078 audit
746 2013 829 2077 enim
859 2013 998 2086 alterius,
1022 2033 1082 2078 non
1108 2033 1202 2079 snum
1226 2016 1353 2079 crimen.

208 2122 292 2203 qnod
321 2124 347 2185 si
375 2122 499 2195 referat,
530 2142 622 2186 snum
652 2122 749 2185 facit:
779 2121 807 2184 si
835 2124 949 2185 taceat.
973 2123 1137 2202 retorquet
1161 2126 1193 2185 et
1216 2124 1354 2186 conuici-
1375 2140 1400 2182 n

207 2232 314 2293 antem
352 2228 509 2295 uulnerat.
543 2232 647 2292 tacere
681 2228 776 2291 debet
809 2228 905 2291 etiam
938 2227 992 2290 ille
1025 2227 1079 2307 qui
1112 2228 1150 2290 cle
1182 2232 1355 2293 memorata

207 2335 351 2399 mercede
380 2335 569 2419 praesumit3
594 2354 655 2399 non
684 2334 766 2397 enirn
795 2335 917 2415 pat-itur
943 2334 1185 2416 praeiudicium,
1214 2335 1264 2399 cui
1293 2355 1354 2400 non

207 2445 259 2507 est
287 2442 451 2506 indicium.
482 2448 514 2504 et
543 2442 569 2505 si
598 2442 696 2505 fuerit
722 2441 952 2524 praeiudicium
982 2440 1013 2504 in
1043 2443 1183 2508 saeculo.
1212 2462 1271 2507 non
1297 2444 1357 2508 erit

207 2548 237 2611 in
271 2548 388 2613 indicio
423 2548 482 2612 dei.
519 2548 654 2630 deniqne
687 2552 723 2611 ut
757 2566 930 2631 cognoscas
964 2548 1038 2630 qnia
1070 2566 1130 2611 non
1159 2549 1357 2631 praeiudicat

207 2653 399 2719 contumelia
426 2655 526 2719 bonae
555 2654 779 2731 conscientiae,
809 2654 883 2718 audi
917 2657 1064 2718 sanctum
1096 2655 1153 2719 Iob
1187 2655 1400 2721 dicentemao

114 2750 118 2761 ’
206 2762 447 2844 locupletiorem
477 2761 587 2843 utiquo
616 2764 732 2825 testem
762 2780 858 2843 qnam
887 2760 914 2824 si
941 2760 1074 2843 imperio
1102 2762 1187 2825 orbis
1221 2762 1355 2827 Romani
1418 2774 1443 2827 D

207 2868 330 2951 potitus
365 2872 469 2931 essct:
505 2886 599 2931 nuno
632 2871 902 2949 ommutescam
936 2871 973 2930 et
1007 2867 1284 2950 derelinquam:
1323 2870 1354 2934 si

209 2994 305 3039 nnnc
342 2974 434 3038 milri
469 2974 745 3055 praeiudicium
780 2976 848 3049 est,
881 2976 971 3036 tunc
1004 2992 1022 3035 a
1057 2973 1154 3037 faeie
1188 2978 1253 3039 tua
1284 2995 1353 3041 non

152 3081 425 3149 10abscondar.
465 3080 542 3144 haec
580 3099 654 3162 ergo
691 3080 817 3161 parcius
859 3080 890 3143 in
935 3079 1059 3144 exordio
1101 3081 1275 3162 respondit,
1318 3088 1356 3147 ut

207 3187 390 3252 admoneret
420 3186 494 3251 illos
530 3186 639 3250 iudicii
677 3186 727 3249 dei
764 3189 858 3268 atque
896 3186 934 3249 ab
971 3185 1143 3250 insolentia
1180 3191 1212 3252 et
1250 3188 1354 3253 surore
1374 3208 1399 3248 rs

296 3338 329 3391 22
349 3334 398 3389 Iob
420 3336 461 3399 13‚
482 3336 515 3389 19
534 3352 574 3405 sq.

245 3463 256 3515 1
278 3462 390 3515 uulnera
409 3460 472 3513 DP¹
537 3461 553 3513 2
573 3458 741 3528 agonotheta
759 3459 787 3511 P
800 3463 842 3512 m1
860 3458 1021 3528 agonitheta
1039 3460 1067 3513 P
1078 3463 1126 3513 ms?
1144 3466 1192 3514 cet.
1261 3462 1277 3515 3
1297 3479 1354 3515 cor-

207 3551 293 3604 ruisse
313 3550 339 3603 B
412 3548 585 3618 bpnlchrius
603 3548 631 3601 P
649 3547 677 3617 (h
695 3563 716 3601 s.
735 3552 775 3613 u.)
796 3553 843 3603 cet.
917 3547 1061 3602 bdebetis
1079 3548 1146 3601 DP‘
1216 3549 1355 3619 ialiqaid

205 3639 296 3693 dicere
316 3638 458 3691 aduersum
479 3654 527 3690 nos
547 3637 612 3690 DP‘
631 3636 772 3690 aduersum
792 3654 841 3690 nos
860 3636 965 3702 aliquid
984 3636 1072 3692 dicere
1094 3637 1117 3687 (¹
1210 3655 1262 3707 quo
1282 3640 1309 3693 P
1327 3643 1354 3703 (o

202 3730 237 3781 in
256 3743 312 3781 ras.
331 3728 388 3791 md)
471 3728 488 3779 9
507 3727 565 3795 ipse
586 3725 654 3779 dixit
672 3725 700 3778 in
720 3725 863 3794 euangelio
883 3712 933 3779 dds
952 3725 979 3778 Β
1070 3728 1104 3780 10
1122 3726 1311 3782 criminatione
1329 3728 1357 3781 P

208 3816 228 3881 (1
245 3832 288 3884 pr.
308 3832 328 3869 a.
349 3821 388 3881 ra)
482 3816 515 3868 14
534 3818 562 3868 et-
580 3814 680 3867 nonB
771 3815 994 3881 crimenPtic.
1014 3820 1053 3875 a.)
1147 3818 1180 3870 15
1199 3820 1273 3870 tacet
1291 3817 1354 3871 ΒΡ·

208 3906 241 3959 16
261 3906 342 3958 ctiam
363 3921 413 3958 orn.
436 3904 459 3955 11
535 3905 567 3958 17
587 3903 735 3957 mercedem
755 3904 783 3956 P
859 3904 1019 3974 proesumit]
1038 3904 1160 3973 loquitur
1178 3906 1206 3959 Β
1274 3908 1308 3961 18
1326 3908 1353 3960 ia

204 3993 314 4049 saeculo
333 3994 363 4045 in
385 4010 434 4061 inp.
454 3993 482 4045 Β
554 3994 582 4046 in
602 3992 702 4047 iudicio
722 3992 766 4046 dei
785 4009 838 4046 non
858 3993 910 4045 erit
928 3992 955 4043 Β
1013 3993 1047 4046 20
1066 3994 1248 4048 eonscientiae
1266 3993 1354 4048 bonae

207 4083 373 4137 contumelia
391 4082 418 4135 Β
490 4084 522 4136 21
544 4081 777 4151 locuinpletiorcm
795 4082 823 4135 P
842 4086 877 4145 (nr
893 4098 938 4149 pr.
958 4084 1041 4149 erae.)
1114 4082 1216 4135 romani
1236 4082 1308 4136 orbis
1327 4083 1355 4136 Β

203 4172 280 4226 urbis
299 4188 409 4242 romani„¹
429 4172 493 4224 DP'
584 4172 618 4224 ¹22
642 4174 836 4223 ommutescam
854 4170 882 4222 P
899 4170 1037 4224 obtescam
1056 4169 1084 4223 Β
1103 4169 1285 4225 obmutescam
1305 4178 1353 4225 oct.

201 4263 240 4315 ‘23
260 4260 425 4331 praeiudicio
446 4260 473 4313 Β
493 4264 521 4325 (d
539 4276 559 4313 c.
581 4276 596 4313 o
616 4262 672 4325 rn2)
755 4275 810 4311 non
828 4274 849 4311 a.
869 4276 896 4311 a.
916 4258 943 4311 Β
1012 4261 1046 4313 25
1065 4264 1148 4329 atque
1166 4259 1228 4313 illos
1248 4258 1282 4313 ab
1300 4260 1353 4313 ins.

204 4352 344 4405 reuocaret
363 4352 391 4402 et
409 4348 499 4402 lurore
518 4354 546 4402 et
566 4348 642 4418 quasi
661 4348 688 4399 Β
