3100 4967
291 393 396 459 XXVI
755 389 974 444 Praelatio.

291 588 410 653 formae
443 586 670 669 quartanariae
703 584 852 651 foliomm
884 584 958 662 134,
992 582 1112 649 saeculi
1143 582 1246 661 VIIII,
1260 580 1285 669 ¹)
1318 582 1351 647 in
1375 601 1438 666 quo

290 692 478 774 Philostri2)
520 710 600 775 opus
643 693 681 757 de
722 692 870 757 omnibus
908 690 1093 757 haeresibus
1131 692 1153 756 s.
1191 691 1371 754 821-111‘*
1408 692 1440 755 et

293 800 492 865 112¹-133‘
515 800 672 881 opuscula
705 798 742 863 de
775 796 891 879 Ioseph
925 801 957 862 et
985 797 1024 862 de
1052 796 1238 880 patriarchis
1267 796 1437 879 excipiunt

290 906 324 971 hi
343 905 467 971 codices
481 904 516 970 id
530 904 615 987 quod
633 904 861 987 seripturarum
886 922 1042 968 consensu
1061 902 1185 967 abunde
1204 903 1440 967 demonstratur

292 1010 467 1095 propinqua
489 1011 571 1075 iuter
594 1029 628 1074 so
657 1008 843 1094 cognatione
871 1008 1031 1076 coniuncti
1054 1011 1138 1086 suut,
1163 1007 1311 1072 differunt
1332 1011 1439 1071 tamen

291 1136 327 1183 eo
367 1116 452 1199 quod
482 1114 629 1183 torum
666 1112 782 1179 artiore
819 1114 927 1179 conexi
959 1113 1087 1178 uinculo
1124 1113 1253 1198 longius
1286 1132 1305 1176 a
1335 1113 1438 1197 priore

290 1224 412 1287 familia
434 1220 587 1287 recedunt
610 1239 705 1303 quam
728 1219 766 1295 V,
792 1221 847 1303 qui
871 1220 948 1285 dum
971 1220 1063 1303 quasi
1087 1218 1221 1283 mediam
1245 1219 1331 1285 niam
1350 1221 1439 1283 tenet

291 1329 484 1414 singularem
515 1328 547 1392 iu
581 1328 679 1393 altera
710 1327 833 1392 familia
865 1327 926 1392 sibi
957 1328 1066 1393 locum
1098 1324 1285 1404 uindicat.³)
1316 1324 1438 1393 tribu

290 1439 407 1514 sutem,
432 1453 512 1519 quos
535 1434 642 1499 littera
664 1432 704 1497 N‘
729 1432 990 1519 significamus,
1014 1453 1124 1499 rursus
1149 1433 1346 1516 aliquantum
1370 1432 1436 1497 al

290 1542 410 1606 distant
442 1560 477 1605 ex
509 1540 589 1607 libro
623 1540 746 1625 generis
778 1540 892 1622 prioris
925 1544 1077 1606 correcto.
1111 1543 1206 1624 stqrre
1233 1538 1312 1607 ἳΡΈ
1339 1558 1377 1603 ex
1398 1537 1438 1606 21¹

291 1647 450 1713 deriuatos
475 1666 545 1713 esse
568 1646 631 1712 iam
656 1665 692 1711 eo
721 1666 783 1730 quo
815 1646 889 1712 illos
923 1646 1075 1731 descripsi
1106 1649 1177 1713 loco
1210 1644 1436 1711 demonstruni.

289 1754 353 1817 iam
386 1753 414 1819 si
446 1754 572 1819 codices
595 1751 693 1817 VN⁴T
726 1771 799 1817 curu
831 1753 922 1819 libris
950 1754 1063 1837 prioris
1090 1754 1229 1819 familiae
1253 1745 1443 1830 contuleris‚'

290 1863 408 1942 quauta
434 1858 633 1925 librariorum
662 1858 692 1922 in
724 1858 882 1943 scriptum
907 1859 1104 1924 immutanda
1128 1859 1289 1924 temeritas
1314 1860 1346 1923 et
1367 1877 1436 1941 per·

289 1966 426 2031 uersibus
449 1966 547 2031 fuerit
569 1964 735 2051 intelleges
754 1984 857 2049 neque
876 1966 952 2049 quiu
971 1971 1003 2031 et
1021 1967 1054 2031 hi
1073 1969 1106 2031 et
1123 1967 1172 2031 illi
1191 1986 1227 2031 ex
1245 1985 1308 2030 uno
1327 1964 1437 2030 codice

288 2071 392 2138 medio
411 2092 489 2138 aeuo
508 2072 539 2136 in
560 2072 749 2137 monasterio
765 2072 903 2154 quodem
916 2073 1065 2139 Francius
1084 2076 1211 2139 seruato
1224 2070 1439 2156 precesserint

289 2179 415 2243 omnino
440 2178 611 2243 dubitabis.
637 2197 673 2243 ac
696 2179 900 2244 memorabile
920 2198 981 2263 quo
1005 2180 1082 2245 haec
1105 2180 1211 2265 opinio
1235 2178 1440 2245 confirmetur

288 2287 511 2368 argumentum
535 2284 664 2367 praebet
685 2286 774 2350 locus
794 2286 850 2367 qui
870 2288 945 2363 137,
965 2289 1005 2352 21
1026 2287 1152 2371 legitur.
1175 2286 1222 2351 ibi
1244 2285 1330 2351 enim
1353 2285 1384 2350 in
1403 2286 1436 2353 ‚B

288 2390 440 2455 traditum
464 2390 561 2455 hebes
585 2391 621 2455 iu
642 2391 796 2456 iordanes
817 2392 984 2469 (iudanos
1006 2413 1102 2458 manu
1126 2393 1257 2477 antiqua
1274 2392 1306 2457 iu
1325 2412 1438 2459 rasura

288 2495 442 2577 scriptum
462 2499 524 2570 est;
551 2515 664 2561 manus
683 2497 778 2561 tertio
795 2497 827 2562 in
847 2498 989 2583 margine
1009 2499 1125 2565 adiecit
1147 2500 1183 2563 iu
1200 2498 1321 2583 eufrate
1340 2502 1437 2583 atque

287 2600 408 2684 cusrolo
441 2600 517 2666 olim
549 2601 581 2665 in
613 2603 640 2666 B
679 2602 822 2668 extitisse
860 2605 1042 2670 etiamnunc
1077 2606 1221 2689 reliquiis
1259 2606 1436 2689 scripturae

288 2707 434 2790 antiquae
468 2708 659 2792 edocemur),
684 2708 716 2773 in
739 2709 883 2775 PP‘P'‘0
916 2711 952 2775 in
973 2712 1114 2791 iordane,
1139 2712 1224 2777 idem
1247 2732 1273 2779 s.
1297 2733 1329 2777 u.
1353 2713 1385 2778 in
1410 2712 1436 2776 Τ

288 2818 321 2877 et
343 2832 437 2879 manu
462 2814 517 2881 alt.
541 2814 572 2878 in
597 2815 699 2898 spatio
723 2834 826 2882 uacuo
849 2817 882 2881 in
905 2817 944 2896 D,
968 2823 1077 2884 contra
1098 2820 1130 2883 in
1154 2819 1225 2884 N'V
1247 2820 1283 2883 in
1305 2818 1436 2902 custode.

287 2918 370 2984 unde
398 2920 429 2983 in
459 2920 626 3004 utriusque
653 2922 793 2987 familiae
816 2924 985 3009 archetypo
1013 2925 1129 2990 uitium
1152 2926 1234 2992 illud
1260 2926 1436 3009 permirum

288 3024 389 3090 luisse
413 3027 684 3114 comprobetur·.⁴)
710 3030 767 3093 sed
790 3048 851 3094 nou
876 3030 992 3096 desunt
1008 3032 1082 3112 loci,
1102 3033 1218 3115 quibus
1241 3033 1273 3097 in
1292 3034 1435 3099 familiae

332 3243 351 3309 ¹)
371 3242 452 3297 huius
470 3244 562 3313 potius
581 3262 661 3315 quam
682 3244 780 3300 decimi
799 3247 901 3301 saeculi
919 3264 979 3302 cum
999 3264 1058 3303 esse
1076 3265 1148 3305 nunc
1165 3250 1232 3305 mihi
1250 3251 1382 3322 percussi.
1407 3252 1436 3305 iu

284 3328 387 3385 tabulis
411 3330 488 3385 codd.
508 3332 568 3387 Lat.
587 3332 653 3389 bibl.
677 3334 736 3389 Pal.
760 3334 842 3390 Uind
862 3336 875 3391 1
896 3337 945 3391 191
969 3337 1040 3391 male
1064 3338 1170 3393 saeculo
1188 3339 1242 3394 XII
1260 3339 1434 3395 adscribitur.

330 3417 350 3487 ²)
370 3419 409 3473 eie
433 3420 504 3474 enim
528 3421 673 3491 legendum
698 3428 822 3487 estnon
840 3424 1002 3491 Philonos,
1021 3426 1093 3497 quod
1115 3429 1183 3482 miro
1207 3428 1324 3497 quodam
1344 3446 1436 3485 errore

285 3508 313 3561 in
332 3506 434 3561 tabulis
453 3509 584 3580 scriptum
603 3516 653 3565 est.

330 3594 350 3662 ³)
372 3612 534 3667 quemquam
553 3598 577 3653 V
596 3616 628 3653 ex
646 3598 738 3654 codice
757 3600 872 3655 libidine
889 3602 994 3657 librarii
1012 3603 1092 3659 foede
1108 3606 1275 3677 interpolato
1299 3609 1436 3678 originem

285 3684 391 3740 duxisse
415 3689 539 3755 apertum
565 3690 615 3741 est.
643 3704 697 3758 qua
719 3688 753 3743 de
775 3705 805 3743 re
829 3688 948 3745 sufficiet
966 3692 1134 3749 emblematis
1153 3694 1226 3765 quod
1244 3697 1288 3765 79,
1307 3697 1342 3751 18
1360 3697 1436 3753 inv

283 3776 386 3846 legitur
403 3776 569 3831 mentionem
587 3777 695 3834 inicere.

329 3863 350 3931 ⁴)
370 3866 401 3918 iu
419 3865 528 3933 eufrate
546 3867 678 3937 quomodo
698 3870 778 3922 tuear
795 3886 848 3923 uon
868 3870 955 3925 habeo
970 3889 1057 3941 neque
1072 3874 1219 3945 quidquam
1233 3874 1268 3929 ed
1281 3876 1352 3929 hunc
1365 3878 1434 3931 scri·

283 3956 391 4022 pturam
414 3952 610 4009 defendendam
633 3956 739 4010 couicrt
761 3959 876 4031 mystica
896 3958 977 4014 huius
996 3963 1112 4016 nominis
1130 3963 1330 4034 interpretatio,
1351 3982 1435 4035 quem

283 4040 398 4095 Philone
417 4044 527 4099 auctore
546 4044 728 4114 compluribus
746 4046 814 4101 locis
833 4048 991 4103 Ambrosius
1009 4052 1238 4105 commemorauit
1261 4051 1355 4107 eadem
1375 4054 1436 4110 fere

283 4144 326 4183 res
350 4132 392 4183 est
415 4130 443 4184 in
466 4132 526 4186 loco
546 4133 606 4198 128,
625 4135 650 4195 4.
671 4151 723 4203 quo
743 4136 771 4189 in
789 4136 897 4191 BN⁶TV
914 4153 969 4207 quo
992 4140 1141 4195 manduci
1161 4138 1292 4195 traditum
1311 4147 1363 4205 est,
1382 4144 1437 4199 sed
1537 4145 1538 4152 ’

282 4216 312 4271 iu
335 4220 456 4289 margine
481 4220 545 4275 libri
563 4220 586 4275 B
605 4238 686 4277 mauu
706 4226 790 4278 tertia
807 4225 973 4295 adscriptum
991 4228 1075 4282 fuisse
1093 4228 1203 4283 uidetur
1219 4230 1341 4299 quaudo.
1360 4248 1436 4303 quae
1536 4277 1537 4288 ,

282 4304 363 4359 lectio
383 4308 411 4361 in
430 4310 526 4363 ceteris
544 4310 690 4367 inuenitur.
