3100 4967
684 399 883 453 Ambrosii

690 617 693 627 r
756 594 770 633 b

423 687 482 751 nn
506 591 961 751 manandi'niiiian
985 682 1147 747 onvrn.

146 806 206 889 1‚1
255 810 398 874 Decursn
426 814 476 875 est
503 809 718 893 interpellatio
749 809 850 873 sancti
878 808 955 873 Iob:
979 826 1064 872 nunc
1088 808 1267 872 adoriamur
1291 827 1360 872 eam
1405 818 1453 873 661
1474 815 1513 870 Cn

210 914 509 998 interpellationem,
543 936 637 999 qnam
669 916 867 999 repperimus
901 915 931 978 in
964 914 1107 997 psalmia.
1135 914 1203 996 ipse
1231 914 1361 996 quidem

212 1022 318 1087 Dauid
340 1022 485 1105 pluribus
509 1022 588 1086 locis
613 1022 651 1087 de
676 1022 797 1087 saeculi
820 1022 963 1087 uanitate
986 1042 1047 1086 non
1070 1020 1174 1085 tacuit
1196 1024 1229 1084 et
1255 1021 1361 1085 inania
1391 1042 1404 1081 s

214 1148 283 1194 esse
313 1148 393 1212 quae
421 1132 575 1211 putantur
601 1130 684 1193 bona
707 1130 803 1193 istius
827 1128 938 1193 mundi
962 1129 1141 1210 frequenter
1164 1127 1306 1192 adseruit
1329 1132 1362 1191 et

213 1236 348 1301 marimo
372 1236 404 1299 in
427 1237 551 1318 psalmo
576 1236 759 1300 tricensimo
786 1242 910 1313 octauo,
934 1236 967 1299 in
991 1254 1053 1318 qno
1083 1234 1179 1299 dicit:
1209 1253 1360 1299 uerum-

213 1346 344 1408 tamen
360 1342 557 1407 uniuersa
576 1342 750 1419 ueritas,
772 1342 900 1407 omnis
919 1341 1034 1405 homo
1054 1342 1211 1406 uineas.
1232 1360 1360 1423 quam-

215 1468 330 1531 quam
363 1448 401 1512 in
434 1448 612 1531 imagine
646 1448 696 1513 dei
730 1448 912 1512 ambulet
943 1448 1069 1523 homo,
1096 1452 1230 1512 tamen
1259 1466 1360 1511 uane

215 1554 1362 1638 conturbatumthensaurizatetignoratcuicongregat
1381 1576 1406 1615 ιο

215 1680 268 1737 ea,
288 1664 320 1725 et
339 1661 433 1725 alibi:
453 1680 666 1743 usquequo
687 1664 938 1743 peccatores,
959 1660 1127 1735 domine,
1146 1680 1360 1743 usquequo

215 1770 455 1849 peccatores
479 1766 796 1851 gloriabuntur?
819 1768 904 1849 quod
927 1766 979 1846 bic
998 1767 1137 1830 habeant
1156 1766 1361 1831 umbratilem
1423 1778 1445 1830 Ε

215 1874 358 1957 gloriam,
397 1874 452 1938 ubi
490 1874 527 1938 de
566 1875 694 1938 saeculo
728 1874 929 1952 excesserint,
961 1875 1100 1938 fmctnm
1134 1872 1360 1938 consolationis

214 1980 356 2044 inuenire
380 2000 440 2045 non
465 1982 600 2062 possint.
624 1981 709 2045 idom
727 1984 833 2045 tamen
852 1981 986 2045 inseruit
1003 1981 1162 2063 psalmum
1181 1980 1309 2057 LXXII,
1328 1979 1360 2044 in

215 2106 276 2169 quo
316 2088 386 2171 ipse
419 2089 478 2152 sub
512 2088 619 2171 Asaph
653 2089 779 2153 nomine
812 2091 1007 2171 protestatur
1041 2088 1125 2170 qnod
1158 2088 1227 2152 eins
1259 2088 1360 2169 primo
1380 2107 1407 2149 ιε

215 2194 311 2258 suerit
341 2195 563 2277 prolapsionis,
596 2198 634 2259 ut
666 2215 727 2260 non
759 2196 911 2260 mediocri
943 2184 1051 2259 dolore
1082 2195 1270 2276 perstrictus
1308 2196 1361 2261 sit.

216 2320 288 2366 cnm
330 2301 454 2366 uideret
493 2304 675 2385 peccatores
716 2302 749 2366 in
791 2304 851 2366 boc
892 2302 1009 2366 mundo
1052 2302 1181 2367 attinere
1227 2301 1361 2381 diuitiis,

217 2406 375 2472 abundare
412 2408 506 2473 rebus
545 2408 702 2488 secundis,
741 2426 774 2471 se
812 2410 929 2485 autem,
968 2408 1022 2489 qui
1053 2409 1277 2475 iustificauerit
1309 2428 1363 2473 cor

216 2532 320 2591 suum,
359 2534 429 2579 esse
467 2515 499 2579 in
537 2514 773 2579 adflictionibus
811 2518 843 2579 et
879 2516 1038 2579 aerumnis
1075 2535 1133 2580 nee
1169 2516 1362 2581 mediocrem
1425 2525 1447 2579 r

216 2622 349 2685 traxisse
377 2622 529 2686 offensam
558 2622 588 2685 in
618 2621 753 2699 exordio,
784 2621 839 2685 sed
868 2626 980 2705 postea
1008 2643 1064 2705 per
1091 2622 1212 2687 domini
1234 2622 1362 2707 flagella
1380 2643 1407 2680 eo

217 2730 391 2792 correctum
421 2730 453 2792 et
478 2728 703 2793 inluminatum
732 2728 857 2793 diuinae
891 2730 1081 2813 cognitionis
1115 2731 1217 2813 gratia
1248 2731 1363 2794 seriem

173 2836 192 2898 2
217 2852 309 2899 uerae
339 2834 488 2899 didicisse
515 2834 705 2900 traditionis.
734 2855 891 2917 nusquam
922 2839 1028 2899 antem
1056 2837 1182 2902 inuenio
1215 2841 1362 2901 sanctum

216 2940 324 3021 Asaph
361 2940 521 3023 aliquibus
558 2940 701 3005 aduersis
734 2942 835 3005 fnisse
869 2945 1026 3018 uexatum,
1061 2946 1093 3005 at
1125 2962 1201 3008 uero
1234 2950 1362 3007 sanctus

219 3046 322 3110 Dauid
345 3046 481 3129 plurima
505 3048 615 3131 grauia
639 3053 670 3112 et
693 3048 907 3131 periculorum
930 3048 1024 3130 plena
1046 3050 1214 3125 tolerauit3
1239 3050 1277 3114 de
1294 3050 1362 3115 suis

218 3154 299 3217 enim
324 3154 486 3217 laboribus
506 3154 594 3232 dicit,
614 3155 697 3219 unde
718 3157 750 3219 et
768 3156 911 3236 psalmus
931 3174 991 3219 non
1012 3156 1104 3237 quasi
1123 3156 1224 3220 sancti
1242 3156 1361 3237 asaph,
1381 3174 1408 3214 ss
1426 3153 1511 3211 6620

306 3321 321 3373 7
349 3320 449 3375 Psalm.
475 3318 617 3374 XXXVIII
635 3322 651 3375 6
671 3336 711 3389 sq.
803 3321 834 3374 ll
863 3319 963 3374 Psalm.
982 3319 1109 3375 xcllla
1209 3322 1245 3375 14
1262 3321 1362 3375 Psalm

217 3408 314 3462 LXXII
336 3408 347 3461 1

254 3525 402 3592 lpsalmo
422 3524 449 3577 P
471 3524 491 3589 (l
510 3540 530 3581 a.
549 3530 588 3592 n.)
679 3492 751 3579 XXX
772 3528 870 3579 octauo
889 3526 917 3578 B
1006 3525 1162 3580 tricensimo
1181 3526 1209 3579 P
1225 3526 1363 3579 tricesimo

217 3612 309 3667 DPO
380 3618 476 3667 octauo
496 3614 566 3679 Pto
587 3614 636 3669 ult.
656 3615 687 3667 n'n
706 3614 772 3670 rael
847 3613 961 3668 dicitP
979 3614 1007 3681 (d
1025 3616 1057 3667 in
1074 3620 1142 3682 roe.)
1202 3615 1364 3669 Suninersa

217 3718 269 3756 om.
285 3700 312 3753 B
366 3704 382 3755 9
401 3703 519 3772 imagine
534 3703 561 3755 B
579 3703 726 3771 Imaginem
745 3708 793 3756 cet.
850 3704 884 3757 10
903 3703 1109 3757 conturbabitur
1122 3704 1149 3756 P
1166 3704 1205 3769 (bi
1224 3720 1245 3757 a.
1259 3705 1298 3770 u.)
1312 3704 1366 3757 BG

253 3790 440 3843 thensaurinat
467 3790 494 3843 P
519 3790 686 3844 thesaurizat
714 3798 760 3845 cet.
854 3793 885 3846 11
914 3808 953 3859 oq.
977 3796 1132 3861 peccatores
1151 3793 1179 3846 P
1205 3795 1245 3861 (es
1268 3810 1302 3847 ac
1326 3793 1362 3860 is)

219 3880 252 3931 14
271 3878 403 3948 psalmum
422 3878 449 3931 P
467 3882 495 3945 (u
515 3896 548 3932 en·
565 3880 592 3949 o)
610 3880 638 3932 in
658 3880 791 3948 psalmum
810 3880 838 3933 B
856 3881 959 3950 psalmo
977 3882 1000 3934 C
1071 3880 1172 3935 LXXII
1184 3882 1213 3936 P
1229 3880 1324 3935 LXXV
1337 3882 1365 3934 B

218 3968 447 4036 septuagedmum
467 3968 611 4021 secundum
632 3968 695 4022 DP¹
715 3970 918 4039 septuagesimo
937 3970 1054 4024 secundo
1077 3970 1101 4023 0
1169 3972 1202 4025 15
1222 3971 1282 4024 asni
1297 3972 1326 4024 P
1343 3970 1368 4037 (f

217 4057 249 4109 in
267 4060 334 4117 rasi
393 4058 425 4109 16
444 4056 572 4110 mediocri
583 4057 611 4111 P
628 4057 656 4125 (d
675 4059 706 4110 in
725 4058 793 4127 roa.)
866 4060 1026 4129 perstrictus
1042 4060 1181 4113 Contentus
1198 4061 1365 4129 prescriptae

219 4145 245 4197 Β
264 4145 424 4215 prpstrictus
439 4150 485 4199 cet.
543 4146 574 4199 17
594 4146 693 4199 afluere
708 4146 735 4199 P
790 4148 823 4199 19
842 4146 1074 4201 adflictationibns
1088 4148 1115 4200 P
1129 4152 1169 4203 sta
1182 4164 1204 4201 s.
1219 4151 1258 4213 a.)
1273 4146 1365 4201 BDP‘

219 4234 251 4286 21
282 4234 456 4302 cogitationis
475 4235 502 4287 B
593 4236 626 4287 22
655 4234 788 4288 dedicisse
806 4234 834 4287 P
856 4233 964 4289 dedisse
983 4242 1029 4290 cet.
1122 4238 1156 4290 23
1182 4254 1238 4305 sqq.
1263 4237 1324 4290 asos
1338 4236 1367 4290 P

221 4324 254 4375 25
275 4322 357 4391 enim]
371 4324 441 4390 sort.
463 4338 525 4391 ergo
600 4325 627 4376 et
645 4324 672 4377 P
690 4326 714 4391 (t
728 4330 827 4392 posteo
846 4324 924 4388 add.)
944 4325 969 4377 ei
989 4324 1052 4377 DP‘
