3100 4967
427 385 469 438 De
488 385 586 454 Ioseph
607 386 630 437 l.
650 385 675 446 2,
695 385 764 438 2-2
803 384 828 454 (l
847 385 899 438 483
918 385 943 438 D
963 388 1015 440 485
1035 387 1081 455 Dl.
1286 393 1326 456 75

175 585 232 645 aut
254 580 449 664 praelatione
473 579 568 642 11111111
593 581 714 642 ceteros
739 578 778 642 ab
804 579 929 642 adfectu
955 581 1174 664 germanitatis
1195 587 1327 648 auertat.

176 689 250 770 plus
274 687 454 769 adquiritur
477 685 553 761 filio,
579 684 632 748 cui
654 684 789 748 fratrum
815 683 993 768 adquiritur
1017 706 1114 752 amor.
1140 689 1217 753 haec
1241 705 1425 772 prae-asan

176 795 290 859 clarior
321 791 542 858 munificentia
574 795 711 874 patrum.
745 791 822 856 haee
857 791 954 856 ditior
986 793 1144 860 hereditas
1177 794 1327 860 filiorum.

175 901 288 985 iungat
314 901 433 964 liberos
462 898 603 980 aequalis
632 897 744 981 gratia,
774 917 854 980 quos
882 898 1003 964 iuuerit
1032 903 1172 983 aequalis
1206 906 1327 966 natura.

144 1009 302 1072 aluerum
333 1007 436 1090 pietas
469 1005 573 1068 nesoit
605 1005 768 1086 pecuniae,
803 1005 833 1068 iu
868 1024 930 1088 quo
963 1006 1093 1089 piatatis
1127 1007 1328 1091 dispendium

175 1117 234 1178 est.
269 1113 347 1196 quid
380 1112 503 1176 miraris
538 1112 565 1176 11
598 1114 727 1194 propter
759 1111 894 1176 fundum
928 1117 983 1177 aut
1017 1113 1146 1178 domum
1184 1115 1329 1178 oriuntur

174 1219 258 1283 inter
281 1223 395 1284 fratres
419 1218 532 1302 iurgia,
554 1217 678 1299 quaudo
698 1221 828 1299 proptor
847 1218 987 1282 tunicam
1009 1219 1092 1284 inter
1110 1221 1204 1284 laoob
1225 1221 1328 1285 saneti

115 1325 132 1387 6
174 1326 258 1392 filios
283 1325 402 1390 exarsit
424 1324 571 1389 inuidia?
596 1323 672 1406 quid
696 1327 799 1407 ergo?
823 1325 1100 1408 reprehendendus
1125 1326 1229 1404 Iacob,
1254 1328 1328 1411 quia

174 1434 375 1516 praeferebat
388 1453 486 1496 unum
503 1430 643 1496 ceteris?
662 1430 718 1494 sad
732 1450 790 1494 uec
810 1431 991 1496 libertatem
1012 1451 1185 1515 possumus
1206 1434 1326 1498 auferre

135 1541 372 1622 aparentibus,
406 1556 444 1603 ue
478 1559 532 1604 eos
566 1539 639 1621 plus
672 1538 807 1622 diligant
836 1557 915 1620 quos
943 1539 1017 1620 plus
1047 1539 1176 1604 credaut
1203 1541 1324 1616 mereri
1353 1550 1375 1603 B

173 1667 230 1712 neo
254 1648 332 1712 filiis
355 1666 496 1712 resecare
521 1645 671 1710 debemus
696 1645 841 1710 studium
864 1644 937 1727 plus
961 1646 1116 1727 placandi.
1141 1646 1275 1728 denique
1295 1653 1327 1712 et

173 1755 268 1819 laoob
298 1754 390 1818 illum
421 1754 494 1835 plus
523 1753 659 1824 amabat,
688 1752 720 1816 in
754 1770 815 1834 quo
848 1751 967 1816 maiora
999 1751 1157 1817 uirtutum
1190 1753 1327 1838 iusignia

173 1860 391 1944 praeuidebat,
426 1864 462 1924 ut
494 1879 556 1925 uon
588 1863 653 1923 tam
687 1858 789 1923 filium
824 1867 913 1941 pater
950 1858 1142 1941 praetulisse
1180 1860 1328 1924 uideatur

175 1987 270 2050 quam
302 1969 457 2050 propheta
489 1966 688 2050 mysterium,
722 1966 900 2046 meritoque
929 1966 1049 2030 uariam
1078 1967 1220 2030 tunicam
1249 1967 1327 2031 feeit

135 2077 212 2152 1111,
237 2094 300 2157 quo
326 2074 521 2158 significaret
545 2092 618 2137 eum
638 2073 837 2138 diuersarum
858 2073 1016 2137 uirtutum
1036 2072 1156 2137 amictu
1175 2073 1325 2138 fratribus

174 2180 426 2264 praeferendum.

117 2283 133 2345 7
219 2288 365 2370 Denique
397 2287 428 2351 iu
461 2305 558 2369 puero
591 2285 694 2350 adhue
727 2284 855 2349 refulsit
889 2285 995 2350 diuina
1024 2285 1136 2368 gratia,
1166 2285 1324 2368 siquidem

175 2395 349 2460 somniauit
372 2392 467 2476 quod,
492 2411 566 2457 oum
589 2392 766 2476 alligasset,
791 2396 829 2456 ut
852 2393 913 2456 sibi
937 2391 1107 2456 uidebatur
1129 2411 1184 2475 per
1207 2394 1323 2473 uisum,
1354 2403 1374 2458 O

175 2501 355 2583 manipulos
384 2519 457 2564 oum
484 2499 635 2564 fratribus
664 2499 743 2576 suia,
774 2499 943 2564 surrexerit
976 2499 1158 2583 manipulus
1192 2499 1260 2564 aius
1294 2506 1325 2566 et

136 2608 302 2672 disteterit
325 2611 461 2677 erectus,
486 2605 632 2670 conuersi
657 2609 764 2670 autem
788 2606 922 2670 fratrum
945 2605 1102 2688 manipuli
1125 2605 1325 2671 adoraueriut

178 2715 375 2797 manipulum
396 2732 501 2776 suum.
521 2713 552 2776 in
572 2731 634 2794 quo
654 2713 765 2796 utique
786 2713 892 2777 futura
913 2711 1033 2777 domini
1047 2714 1122 2777 lesu
1137 2717 1323 2778 resurrectio

178 2821 317 2885 reuelata
346 2825 405 2895 ast,
435 2838 528 2899 quem
558 2823 589 2882 et
615 2819 847 2901 Hierosolymis
877 2837 949 2884 oum
978 2819 1146 2898 uidissent,
1176 2821 1323 2885 undecim

179 2927 347 2992 adorauere
376 2925 525 3007 discipuli
555 2928 587 2990 et
615 2945 723 2990 omnes
753 2925 865 3002 sancti,
895 2945 968 2990 eum
990 2927 1226 3004 resurrexerint,
1251 2928 1324 2993 ado-

172 3035 291 3119 rabunt
307 3034 432 3097 fruetus
450 3033 601 3097 honorum
619 3033 985 3115 operumpraeferentas,
997 3033 1246 3115 sioutsoriptum
1258 3040 1323 3098 est:

140 3139 1323 3205 auenientesautemuenientoulnexultationetollentes

180 3247 406 3329 manipulos
432 3265 537 3310 suos.
563 3246 647 3308 unda
671 3245 795 3322 fratrae,
819 3245 897 3310 lioet
921 3245 1034 3309 somnii
1055 3245 1149 3310 fidem
1168 3265 1224 3328 per
1241 3247 1322 3310 inui-
1349 3265 1373 3317 D

180 3354 261 3418 dium
285 3353 480 3436 derogarent,
504 3351 796 3436 interpretationem
822 3357 926 3416 tamen
952 3351 1020 3416 aius
1044 3353 1178 3436 propriis
1207 3372 1322 3417 sermo-

267 3545 299 3598 17
320 3543 387 3598 Gen.
407 3545 450 3604 37,
469 3547 486 3599 6
506 3560 564 3614 sqq.
630 3544 664 3596 22
683 3543 781 3598 llatth.
802 3543 845 3606 28,
867 3544 899 3596 16
919 3559 958 3612 sq.
1020 3543 1053 3597 25
1073 3543 1171 3597 Ρ111111.
1192 3543 1286 3599 CXXV
1307 3547 1323 3599 6

215 3671 226 3722 l
247 3667 374 3722 aduertat
392 3667 420 3720 P
438 3667 467 3731 (d
487 3668 569 3736 1111.)
624 3667 640 3720 2
660 3683 736 3720 artior
755 3665 903 3735 acquiritur
921 3666 995 3722 2121
1047 3667 1063 3720 3
1083 3667 1219 3722 hereditas
1238 3668 1265 3722 Β
1284 3669 1323 3739 (re

176 3773 197 3810 1.
216 3775 243 3812 u.
263 3761 320 3823 m2)
384 3759 403 3811 4
420 3757 524 3812 iuncxit
541 3756 570 3809 Β
588 3757 676 3808 iunxit
695 3760 741 3810 cet.
808 3755 824 3808 6
844 3756 988 3808 auriuntur
1005 3755 1033 3808 Β
1052 3755 1132 3816 (corr.
1153 3759 1211 3820 11121
1231 3757 1322 3810 hauri·

177 3849 258 3898 untur
276 3845 303 3898 P
320 3846 401 3907 (corr.
419 3849 477 3908 11121
535 3845 567 3898 10
588 3843 701 3898 credunt
720 3844 753 3900 ut‘
772 3845 801 3914 (u
820 3847 868 3898 m2
885 3859 919 3898 ea
938 3847 963 3908 1)
984 3843 1058 3900 2Ι”Ε
1108 3845 1140 3898 14
1160 3845 1283 3914 prolaeta
1296 3845 1323 3897 Β

179 3933 210 3987 lt
228 3933 455 4004 praeferendum.
472 3974 477 3987 .
494 3975 499 3987 .
515 3933 604 4002 gratia
622 3935 655 3986 in
673 3949 723 4002 unp.
742 3933 795 4001 inf.
815 3933 843 3986 P
899 3931 930 3985 18
950 3931 1092 4001 alligasset
1103 3933 1130 3985 Β
1150 3934 1169 3998 li
1189 3938 1321 3999 11111113)

178 4023 210 4075 19
229 4022 344 4076 surrexit
358 4027 383 4075 et
394 4023 429 4076 20
448 4022 527 4075 stetit
540 4021 598 4074 PV
641 4021 675 4075 20
695 4019 868 4074 adoraueriut
882 4020 920 4073 N¹
936 4021 1118 4074 adorauerunt
1132 4027 1178 4075 cet.
1226 4024 1258 4076 21
1276 4022 1322 4076 dui

176 4107 222 4164 ihu
240 4111 334 4165 futura
352 4111 512 4165 resurrectio
533 4110 563 4163 N
669 4111 704 4163 22
727 4109 915 4178 hierosolymis
940 4109 964 4158 V
984 4108 1168 4162 hierusolimis
1187 4111 1215 4164 Β
1234 4111 1321 4165 hiero·

178 4200 278 4254 solimis
292 4201 321 4253 P
338 4203 366 4265 (r
383 4216 405 4253 1,
426 4217 440 4253 ο
454 4217 500 4269 pr.
519 4200 578 4271 m2)
596 4205 643 4253 eet.
716 4199 852 4252 uidissent
865 4197 892 4251 Β
906 4199 934 4270 (n
948 4213 969 4251 1.
984 4205 1021 4263 aa)
1075 4199 1109 4250 24
1128 4197 1245 4252 fructum
1259 4204 1320 4265 (ora.

177 4293 296 4357 operum)
316 4287 361 4340 P⁴⁴
455 4287 623 4356 proferentes
637 4287 670 4343 sll‘
690 4287 729 4352 (ro
748 4283 1009 4351 1112111111.)21“Ε
1062 4285 1095 4338 25
1116 4288 1254 4353 portantes
1265 4285 1322 4341 No
