3100 4967
256 379 301 441 46
732 375 932 428 Ambrosii

258 573 318 636 boc
342 575 392 636 est
416 571 591 645 dealbatus,
616 571 691 652 quia
715 573 746 634 et
771 569 903 635 Satanas
927 569 1134 654 transfigurat
1152 589 1186 634 se
1206 569 1236 632 in
1258 570 1402 652 angelum

257 679 351 755 lucis,
367 683 399 742 et
413 679 518 761 coepit
532 678 570 742 ab
586 697 622 741 eo
639 697 697 742 sua
710 677 878 758 requirere.
899 677 1063 758 respondit
1082 677 1108 740 ei
1129 675 1243 741 Iacob:
1265 694 1365 759 cogn
1375 695 1404 740 o·

259 805 325 849 sce
349 785 383 849 si
408 785 505 867 quid
529 787 591 848 est
614 786 727 848 tuum
752 784 855 865 apud
885 803 951 854 nie.
983 783 1044 848 boc
1072 785 1139 847 est:
1170 783 1249 847 nihil
1277 785 1405 846 tuorum

258 891 370 955 habeo.
396 909 520 972 quaere,
545 890 572 954 si
597 890 672 972 quid
692 891 838 974 agnoscis
859 890 1010 954 uitiorum
1029 893 1157 954 tuorum
1177 893 1208 952 et
1227 889 1404 952 criminum.

256 996 338 1061 nibil
355 1017 483 1062 mecum
501 997 619 1061 abstuli
641 997 786 1060 fraudum
802 1001 930 1061 tuarum
946 996 1074 1077 dolique
1090 997 1250 1060 consortia
1263 997 1331 1060 ulla
1346 1016 1404 1060 non
1437 1014 1447 1050 s

258 1103 369 1178 babeo,
387 1105 492 1169 omnia
505 1108 562 1169 tua
573 1108 736 1186 tamquam
751 1103 933 1187 contagium
949 1103 1061 1188 refugi.
1078 1106 1110 1168 et
1125 1103 1286 1184 quaesiuit
1299 1102 1405 1166 Laban

255 1219 291 1275 et
308 1210 389 1275 nilril
408 1231 503 1276 suum
520 1211 667 1294 repperit.
693 1230 789 1292 quum
808 1211 921 1275 beatus
941 1210 999 1288 uir,
1020 1212 1050 1274 in
1071 1230 1133 1291 quo
1157 1210 1308 1274 inimicus
1328 1209 1406 1273 nihil

258 1317 383 1382 inuenit
398 1318 481 1399 quod
500 1336 594 1382 suum
613 1320 724 1399 posset
743 1316 856 1394 dicere,
876 1316 907 1379 in
929 1336 990 1398 quo
1011 1316 1158 1381 diabolus
1177 1317 1256 1380 nibil
1277 1315 1407 1380 offendit

260 1424 345 1506 quod
369 1444 464 1488 snum
488 1427 683 1507 agnosceret.
708 1423 897 1506 inpossibile
925 1423 1091 1488 uidebatur
1109 1424 1196 1488 istud
1216 1425 1246 1488 in
1268 1425 1406 1498 bomine,

260 1530 317 1595 sed
329 1534 441 1614 typum
458 1530 587 1614 gerebat
605 1530 685 1606 eius,
700 1530 754 1612 qni
770 1530 849 1594 dixit
869 1531 899 1594 in
919 1531 1104 1614 euangelio:
1125 1531 1266 1594 ueniet
1284 1529 1406 1594 buius
1426 1537 1518 1590 roaolt

260 1637 396 1703 mundi
428 1637 618 1720 princeps
653 1641 692 1700 et
723 1637 761 1701 in
795 1657 852 1702 me
885 1637 1077 1702 inueniet
1105 1638 1220 1702 nihil.
1249 1637 1329 1701 nibil
1359 1640 1409 1700 est

261 1744 343 1808 enim
368 1744 519 1827 quicquid
543 1748 593 1809 est
617 1744 746 1822 diaboli,
771 1744 858 1826 quod
881 1745 1001 1809 nullam
1026 1748 1132 1826 potest
1156 1745 1272 1808 babere
1299 1763 1407 1826 perpa-

205 1848 409 1915 25tuitatem
430 1854 524 1933 atque
544 1851 767 1915 substantiam.
788 1851 857 1933 ipse
876 1855 982 1915 autem
1003 1855 1053 1916 est
1069 1850 1123 1933 qui
1138 1851 1409 1935 praefigurabatur

262 1957 293 2020 in
320 1957 414 2022 Iacob
448 1957 595 2021 dominus
622 1959 725 2033 lesus,
755 1958 891 2023 duorum
923 1959 973 2023 uir
1005 1959 1237 2042 coniugiorum.
1267 1959 1326 2023 hoc
1358 1963 1409 2023 est

262 2082 390 2127 consors
424 2063 551 2144 quidam
584 2064 666 2148 legis
695 2068 727 2128 et
754 2065 885 2147 gratiae,
914 2065 969 2147 qui
1000 2066 1154 2148 uirginem
1183 2065 1305 2129 Rachel
1337 2069 1408 2130 ante
1428 2080 1449 2118 ¹⁵

262 2170 372 2234 dilexit
390 2173 422 2234 et
440 2170 706 2253 praedestinatam
727 2172 787 2236 sibi
807 2173 838 2235 in
859 2173 1041 2256 coniugium
1060 2172 1112 2252 pio
1133 2172 1259 2235 amabat
1281 2171 1408 2235 affectu.

261 2276 318 2341 sed
341 2278 490 2358 quoniam
512 2277 571 2340 bia
593 2282 755 2360 tamquam
778 2280 828 2342 lex
852 2279 1046 2343 subintrauit
1069 2281 1101 2341 et
1128 2278 1230 2342 ocrrlis
1258 2277 1410 2342 infirmior

258 2384 404 2466 obrepsit
431 2387 594 2466 tamquam
622 2404 794 2470 synagoga,
820 2405 900 2468 quae
927 2385 1042 2450 mentis
1067 2385 1219 2448 caecitate
1245 2384 1406 2450 Christum
1471 2393 1488 2446 B

263 2489 370 2554 uidere
388 2510 450 2555 nou
468 2492 584 2573 potuit,
605 2491 877 2572 superabundauit
899 2492 1002 2575 gratia
1024 2493 1150 2556 sanctae
1172 2491 1302 2566 Rachel,
1327 2510 1408 2573 quae

260 2617 358 2679 supra
385 2597 522 2681 primum
549 2598 631 2662 illud
663 2602 712 2662 est
744 2599 883 2680 expetita
915 2597 1108 2681 coniugium,
1142 2617 1222 2676 quae
1256 2599 1409 2664 ecclesiae
1427 2623 1450 2662 ro

259 2704 473 2786 principatum
500 2705 645 2769 futurum
677 2705 740 2768 iam
778 2708 853 2769 tunc
889 2705 1026 2770 nominis
1064 2704 1114 2768 sui
1151 2705 1409 2786 interpretatione

262 2809 419 2894 signabat,
443 2811 536 2875 beata
558 2811 687 2890 Rachel,
712 2831 793 2894 quae
822 2811 956 2876 abstulit
983 2811 1185 2894 obprobrium
1215 2831 1273 2876 suo
1301 2814 1407 2894 partu:

262 2917 356 2981 beata
387 2917 515 2994 Rachel,
549 2937 630 2999 quae
662 2918 828 2982 abscondit
866 2919 972 2982 cultus
1010 2936 1191 2998 erroresque
1228 2918 1409 3001 gentilium.

264 3043 344 3106 qnae
368 3025 539 3088 simulacra
557 3044 665 3088 eorum
684 3025 778 3106 plena
798 3044 867 3089 esse
887 3024 1094 3089 inmunditiae
1114 3024 1297 3089 declararit.
1317 3044 1408 3090 nemo
1473 3033 1489 3087 C

259 3130 370 3195 credat
392 3134 541 3214 paternae
565 3131 693 3213 pietatis
716 3133 837 3196 laesam
862 3151 931 3195 esse
955 3131 1176 3207 reuerentiam,
1196 3131 1282 3213 quod
1305 3135 1408 3196 stante
1426 3158 1450 3196 aa

354 3323 367 3376 l
388 3321 468 3376 Pbilo
483 3321 517 3376 de
531 3321 654 3393 profugis
668 3323 685 3376 8
700 3323 723 3392 (l
738 3323 799 3382 552,
815 3322 860 3389 31)
933 3321 962 3375 ῙΙ
981 3319 1041 3378 Cor.
1059 3323 1100 3380 11.
1118 3323 1150 3375 14
1205 3323 1220 3376 3
1237 3321 1304 3376 Gen.
1319 3323 1362 3386 31,
1374 3323 1409 3376 32

263 3410 366 3466 ῖθεη.
385 3413 430 3475 31,
448 3412 484 3466 33
547 3412 657 3468 101011.
679 3412 719 3476 14,
738 3413 774 3466 30
835 3412 866 3466 15
887 3409 952 3465 Gen.
973 3411 1015 3476 29,
1038 3410 1069 3464 18
1090 3412 1170 3465 0130
1227 3411 1259 3464 17
1280 3409 1347 3466 Gen.
1366 3411 1408 3474 29,

264 3502 299 3555 25
318 3505 346 3554 et
366 3502 399 3554 17
490 3501 524 3555 20
544 3500 611 3558 Gen.
631 3501 674 3564 29,
693 3501 727 3554 27
746 3517 806 3571 sqq.
892 3501 925 3554 21
945 3499 1025 3554 Philo
1046 3498 1079 3553 de
1099 3517 1190 3570 congr.
1210 3498 1284 3554 erud.
1304 3502 1374 3570 grat.
1393 3500 1408 3552 6

263 3590 367 3654 (1523,
388 3592 414 3654 7)
468 3589 504 3643 22
525 3589 591 3644 Gen.
609 3590 653 3651 30,
672 3590 707 3644 23
761 3591 797 3645 23
816 3589 882 3644 Gen.
902 3591 945 3652 31.
965 3591 1000 3644 34
1054 3590 1088 3642 23
1108 3587 1175 3645 (len.
1194 3589 1238 3650 31.
1258 3589 1293 3644 35

301 3712 478 3768 ldealbatns
497 3715 524 3768 A
544 3717 586 3779 (us
605 3731 638 3769 ex
656 3716 690 3777 is)
737 3715 816 3768 best
834 3719 942 3768 tuorum
961 3713 1035 3772 W‘E
1084 3713 1244 3768 biraudum
1266 3712 1326 3770 Al1⁴
1336 3717 1378 3768 mi
1386 3714 1409 3769 a

262 3803 399 3857 frondium
410 3802 527 3859 112ίή2
542 3803 567 3857 V
579 3805 599 3870 (i
612 3821 633 3858 r.
649 3806 688 3871 u.)
703 3810 750 3858 ccl.
825 3803 934 3874 dolique
951 3803 1060 3861 Arar
1072 3801 1180 3872 delique
1191 3802 1219 3855 P
1232 3802 1342 3876 (reliqui
1354 3805 1408 3870 2122)

264 3893 397 3963 dereliqui
407 3890 447 3946 N‘
459 3899 503 3959 (ear
512 3894 616 3962 deliqui
624 3911 658 3947 m.
670 3899 727 3948 ant.
738 3895 783 3959 11‘)
839 3891 895 3946 nlla
905 3895 930 3946 A
942 3897 969 3958 (a
979 3896 1026 3946 m2
1035 3893 1096 3962 eci)
1107 3892 1154 3946 illa
1163 3891 1202 3944 11⁷⁴
1252 3891 1285 3945 10
1300 3891 1409 3946 dicitP‘

267 3982 297 4035 11
312 3981 436 4036 inueniet
449 3981 477 4035 in
489 3999 532 4036 me
541 3983 583 4038 11¹¹
655 3981 741 4036 nichil
754 3983 876 4035 inueniet
888 3983 914 4034 T
983 3979 1052 4034 nibil
1067 3984 1109 4034 est
1122 3997 1174 4035 om.
1183 3979 1244 4044 Pr,
1261 3984 1304 4034 est
1318 3997 1369 4035 om.
1384 3981 1408 4033 A

266 4107 299 4162 12
319 4086 390 4160 edim
410 4087 542 4178 qdidqnid
559 4108 586 4162 P
605 4106 633 4176 (,,
652 4111 709 4174 ηι2)
799 4107 831 4160 13
850 4104 1075 4178 prefygnrabstnr
1093 4105 1120 4158 A
1204 4105 1238 4158 17
1258 4105 1312 4159 alia
1333 4105 1406 4168 libra

264 4213 340 4264 apr.
359 4197 471 4251 eras.V
523 4196 556 4251 18
575 4197 708 4266 sinagoga
726 4195 833 4252 APVu
900 4197 931 4250 19
951 4211 1003 4264 que
1023 4198 1067 4261 (esc
1086 4193 1132 4263 qui
1150 4195 1207 4260 m2)
1227 4195 1253 4245 A
1310 4196 1346 4249 22
1364 4194 1409 4247 bs·

259 4289 311 4340 ata
326 4328 331 4338 .
348 4327 354 4338 .
371 4289 472 4356 .partu
490 4286 521 4340 in
539 4303 590 4355 mp.
609 4285 662 4352 ius.
684 4289 710 4338 A
766 4286 801 4338 24
821 4285 984 4338 simulachra
1003 4284 1063 4341 Au*
