3100 4967
330 427 465 498 Apologia
479 427 570 482 Dauid
583 427 709 493 6116114,
723 429 767 484 23.
787 429 822 484 24
842 429 867 496 (1
882 431 933 484 713
948 430 1064 485 1)-714
1079 430 1124 498 D).
1239 434 1301 498 371

157 644 194 689 ex
221 626 365 706 tompore
391 623 424 688 in
453 625 594 706 tempore
616 622 810 706 possidetur.
834 623 983 690 Salomon
1008 625 1090 691 enim
1116 625 1304 709 sapientiam

158 750 216 796 noc
241 731 275 795 in
301 730 457 813 principio
483 731 534 794 sui
556 730 670 795 habuit
693 749 751 794 neo
774 731 807 794 in
830 730 891 796 fine
915 731 1071 814 possedit.
1095 751 1196 814 nequo
1220 733 1303 798 enim

157 837 272 902 habere
305 856 339 901 se
371 837 507 902 eredidit
537 837 622 919 quod
653 837 802 920 poposcit
834 841 866 902 et
897 842 1010 920 postea
1042 857 1174 904 auersus
1208 859 1226 903 a
1254 839 1304 906 dei

157 944 246 1009 cultu
273 962 336 1009 non
364 943 455 1027 quasi
484 943 621 1027 sapiens,
650 944 705 1009 sed
735 944 827 1027 quasi
854 945 1009 1028 insipiens
1035 945 1146 1028 lapsus
1176 949 1234 1025 est,
1267 950 1305 1012 ut

123 1050 338 1117 roffendsret.
365 1055 448 1127 (et)
477 1051 617 1130 offendit,
644 1054 682 1116 ut
709 1052 807 1117 etiam
835 1052 920 1133 quod
947 1058 1106 1118 meruerat
1133 1053 1302 1118 amitteret.
1326 1067 1349 1120 Β

158 1177 214 1224 cur
236 1158 335 1243 igitur
357 1158 442 1222 huno
466 1158 516 1223 dei
539 1158 642 1222 filium
667 1159 874 1224 credidistis?
899 1179 938 1224 an
962 1159 1036 1242 quia
1059 1160 1219 1244 templum
1246 1160 1303 1224 deo

158 1265 325 1330 condidit?
363 1264 420 1331 sed
456 1265 530 1330 bino
568 1264 732 1330 dominum
768 1268 802 1332 et
839 1266 932 1331 deum
970 1285 1031 1332 non
1069 1286 1139 1332 esse
1177 1267 1303 1332 credere

158 1371 328 1451 debuistis,
352 1372 428 1455 quia
451 1372 607 1454 seriptum
631 1375 699 1438 est:
722 1371 799 1436 nisi
828 1372 1003 1438 dominus
1031 1373 1305 1440 aedifioauerit

158 1478 232 1544 sibi
265 1478 430 1557 domum,
462 1478 498 1542 in
532 1497 669 1544 uanum
701 1479 976 1544 laborauerunt
1003 1479 1067 1562 qui
1095 1479 1304 1546 aedificant

112 1605 139 1646 ro
158 1605 246 1652 eam.
273 1586 306 1650 in
335 1603 453 1650 nanum
479 1585 640 1651 laborauit
667 1586 722 1670 qui
749 1585 932 1651 aedificauit
958 1585 992 1649 id
1019 1588 1186 1670 templum,
1220 1587 1304 1670 quod

158 1692 322 1759 subiectus
359 1692 444 1775 ignis
482 1692 614 1758 exussit.
651 1713 689 1758 an
728 1693 803 1774 quia
837 1693 876 1758 ad
906 1692 1012 1758 Dauid
1043 1698 1167 1776 patrem
1201 1695 1304 1778 ipsius

158 1801 281 1865 dictum
309 1801 377 1865 est:
406 1818 477 1864 non
505 1802 547 1863 tu
575 1799 804 1864 aedificabis
833 1799 925 1864 mihi
954 1799 1110 1878 domum,
1135 1799 1200 1866 sed
1223 1820 1304 1865 cnm

157 1911 199 1972 tu
223 1906 438 1985 dormieris,
463 1906 637 1972 excitabo
662 1925 786 1970 semen
810 1909 914 1970 tuum
939 1909 1096 1989 postte.
1120 1926 1233 1973 uerum
1257 1908 1304 1974 ibi

158 2033 283 2098 quoque
314 2015 472 2097 templum
503 2033 565 2080 non
597 2013 769 2096 corporale,
803 2031 864 2076 non
893 2013 1058 2078 materiale
1084 2015 1348 2096 promittimus

114 2141 139 2182 rs
157 2139 259 2204 neque
292 2121 376 2185 onim
409 2120 487 2185 deus
515 2121 547 2184 in
575 2138 671 2184 manu
698 2118 793 2184 factis
820 2117 955 2197 habitat,
985 2118 1042 2184 sed
1069 2123 1226 2203 templum
1255 2123 1305 2186 est

157 2229 267 2292 sancta
290 2226 436 2305 ecelesia,
461 2246 540 2308 quae
563 2226 674 2309 utique
697 2245 759 2291 non
783 2225 931 2304 humana,
957 2226 1012 2292 sed
1036 2227 1167 2292 caelesti
1184 2229 1304 2293 uirtute

156 2333 316 2400 fundatur.

65 2441 112 2504 24
199 2439 282 2504 Nam
316 2439 344 2504 si
375 2437 615 2521 praestantioris
647 2438 734 2516 iicet,
768 2439 825 2503 sed
857 2439 1012 2504 humanae
1039 2441 1145 2504 tamen
1172 2439 1303 2504 uirtutis

157 2565 251 2629 opera
287 2546 447 2623 miremur,
485 2546 605 2611 multos
642 2545 865 2611 huiuscemodi
897 2546 1083 2629 reperimus,
1117 2564 1197 2629 quos
1230 2564 1303 2610 curn

113 2678 141 2718 ao
158 2651 327 2718 Salomone
357 2672 526 2734 conparare
554 2671 737 2735 possumus.
767 2656 800 2718 et
826 2652 897 2719 ideo
921 2655 976 2719 ubi
1001 2652 1104 2735 operis
1128 2653 1304 2734 aequalitas

157 2762 216 2838 est
239 2779 302 2824 non
325 2763 375 2824 est
398 2759 584 2824 excellentia
602 2760 784 2840 potestatis.
803 2779 861 2825 nec
879 2763 987 2843 plures
1006 2778 1179 2843 possumus
1200 2759 1303 2825 dicore

156 2865 208 2930 dei
232 2865 327 2944 filios,
352 2885 425 2931 oum
448 2885 546 2930 unum
571 2866 622 2930 dei
646 2865 748 2930 filium
770 2865 963 2951 legerimus3
988 2866 1129 2931 sednon
1154 2885 1191 2929 ex
1208 2865 1346 2936 bene-D

154 2972 236 3037 ficiis
260 2973 339 3049 suia
364 2991 444 3055 quae
467 2972 500 3036 in
523 2976 628 3056 patres
647 2975 773 3037 nostros
793 2973 939 3052 contulit,
959 2972 1103 3037 facienda
1121 2977 1171 3038 est
1188 2972 1303 3038 iniuria

155 3079 205 3143 dei
229 3079 305 3145 filio.
328 3079 424 3144 multi
444 3079 526 3144 enim
548 3080 703 3163 praeclari
725 3080 798 3158 uiri,
818 3079 874 3144 sed
892 3099 1065 3162 perunum
1085 3080 1193 3146 Iesum
1212 3079 1302 3143 Naue

108 3209 136 3251 as
156 3188 234 3250 stet
260 3186 365 3268 inquit
393 3188 450 3250 sol
479 3188 609 3250 contra
638 3185 801 3252 Gabaon.
830 3187 948 3251 uidetis
981 3207 1055 3252 eum
1085 3188 1170 3252 ultra
1196 3185 1303 3250 Dauid

242 3413 373 3467 8Psalm.
390 3411 527 3468 CXXVII
568 3413 764 3483 12Reg.117,
782 3414 814 3469 12
854 3414 885 3469 15
900 3413 1060 3480 seclude
1097 3415 1131 3468 25
1146 3413 1198 3467 Ios.
1216 3413 1301 3478 10,12

190 3537 253 3593 lin
274 3537 365 3601 ΤΗΝ,
385 3555 437 3593 om.
456 3543 505 3593 cet.
549 3537 613 3592 3sc
632 3555 654 3592 s.
672 3555 700 3591 u.
723 3537 750 3592 T
802 3555 830 3592 se
849 3537 950 3592 habere
967 3535 1069 3591 DB‘P‘
1110 3537 1175 3592 bet
1194 3535 1301 3600 addidi,

152 3626 181 3680 in
198 3629 306 3680 tantum
320 3633 387 3694 post
405 3627 518 3680 offendit
539 3627 671 3681 Gelenius
723 3628 740 3682 6
759 3626 899 3680 credidisti
917 3626 950 3680 N
1019 3625 1069 3680 deo
1089 3641 1140 3681 om.
1159 3626 1197 3690 D,
1217 3625 1261 3680 dei
1275 3625 1303 3679 B

153 3717 170 3769 9
189 3715 241 3768 sibi
260 3731 311 3769 om.
330 3714 430 3769 PP‘M
499 3715 625 3770 laborant
646 3713 716 3769 TB‘
804 3716 836 3770 10
855 3714 885 3768 id
904 3731 954 3770 om.
974 3713 1041 3774 PM.
1063 3721 1127 3769 onte
1147 3713 1302 3768 aedificeuit

151 3804 271 3858 collocat
288 3803 323 3857 P‘
415 3805 446 3858 11
467 3803 502 3858 ad
521 3803 604 3858 dauid
623 3807 727 3874 patrem
749 3803 804 3858 TN
822 3803 903 3858 dauid
923 3805 994 3874 patri
1013 3809 1061 3860 cet.
1166 3804 1223 3856 eius
1242 3803 1304 3856 PM

155 3891 188 3947 13
206 3897 272 3960 post
294 3895 323 3945 te
348 3892 414 3946 add.
434 3896 463 3946 ct
479 3892 539 3962 ipse
559 3892 714 3946 aedificabit
733 3891 841 3946 domurn
860 3893 963 3946 nomini
981 3907 1041 3946 meo
1061 3891 1091 3945 D
1182 3893 1215 3945 15
1235 3890 1301 3944 deus

154 3996 205 4034 un.
223 3979 257 4034 rr
334 3981 363 4034 rn
382 3981 502 4051 (templis
522 3981 588 4037 auu.
611 3981 654 4048 n)
674 3997 756 4034 manu
774 3981 857 4035 raes
877 3980 943 4035 oeus
962 3999 980 4051 χ
1072 3983 1104 4035 1s
1122 3965 1187 4034 {effi
1202 3979 1228 4034 Τ
1245 3966 1302 4045 (ὦ

152 4073 234 4134 corr.)
253 4067 348 4122 NPM
426 4069 541 4122 ecclesia
561 4073 588 4136 (1
607 4085 641 4122 coc
660 4065 685 4139 p)
706 4068 732 4121 T
803 4069 836 4122 19
855 4070 982 4122 miremur
1000 4068 1111 4122 uirtutis
1131 4083 1213 4136 opera
1230 4066 1301 4120 B‘P¹

153 4158 188 4211 20
206 4157 345 4211 salomone
364 4157 390 4211 T
407 4159 448 4224 (in
466 4174 516 4227 mp.
532 4157 556 4202 ſs
572 4161 609 4223 et)
629 4157 663 4210 Ν
677 4157 815 4210 salomone
835 4159 863 4210 et
883 4156 964 4211 dauid
982 4176 1000 4228 χ
1020 4156 1103 4211 dauid
1122 4159 1150 4210 et
1164 4156 1301 4209 salomone

150 4251 200 4301 cer.
270 4247 302 4301 21
324 4251 366 4300 est
384 4263 435 4301 om.
455 4247 488 4300 N
554 4248 588 4302 23
608 4246 777 4316 parentesX
845 4247 879 4302 24
899 4263 1046 4316 perunum
1066 4244 1304 4315 (exprimunt)T

151 4335 187 4388 25
207 4337 263 4389 stet
280 4335 336 4389 TN
354 4337 431 4390 stetit
444 4342 491 4390 661.
548 4336 636 4406 gabeo
654 4335 680 4389 T
692 4336 799 4405 gabaon
814 4336 842 4390 B
896 4335 979 4390 dauid
995 4335 1047 4392 TN
1066 4335 1148 4390 dauid
1166 4335 1238 4405 regis
1255 4340 1302 4388 cet.

1216 4442 1266 4495 24*
