3100 4967
273 441 394 505 XXXII
738 436 956 493 Praefatio.

274 632 305 695 iu
335 634 503 697 stemmate
530 630 637 696 locum
666 629 870 694 tribuendum
899 648 969 694 esse
998 630 1230 711 comprobetur,
1255 630 1420 713 seripturis

275 757 383 803 eorum
406 736 607 819 perlustratis
631 736 765 801 libenter
788 734 951 801 concedes.
974 755 1076 819 neque
1099 736 1273 820 quidquam
1297 737 1423 801 obstare

274 847 363 927 puto,
396 843 565 925 quominus
598 860 652 907 eos
685 861 720 907 es
752 841 778 906 P
811 841 939 907 duxisse
977 846 1169 920 statuamus,
1204 842 1420 909 Colbertiunnr

278 949 416 1032 quidem,
441 949 495 1032 qni
518 949 659 1031 proxime
682 947 830 1013 adhunc
854 947 986 1025 aceedit,
1011 968 1046 1014 ex
1070 968 1106 1014 eo
1129 950 1210 1032 ipso,
1233 950 1313 1013 Bet
1331 949 1358 1014 D
1379 986 1423 995 -
1537 999 1538 1038 ,

276 1076 349 1121 uam
374 1056 412 1120 de
431 1056 467 1119 P‘
491 1055 567 1138 quid
591 1053 836 1120 extatimandum
856 1053 980 1119 sitiam
999 1074 1096 1137 supra
1113 1055 1252 1120 indicaui
1271 1054 1424 1119 -libris

276 1162 467 1247 quibusdam
498 1161 781 1227 intercedentibus.
811 1180 850 1225 ne
883 1180 958 1226 uero
993 1180 1118 1226 meeum
1150 1161 1253 1227 Iacere
1285 1148 1431 1237 dubites,

277 1272 357 1335 duos
386 1268 443 1334 tibi
472 1269 589 1349 quibus
617 1268 695 1331 haec
722 1267 880 1332 sententia
903 1267 1106 1333 confirmatur
1126 1268 1215 1334 locos
1238 1286 1423 1351 proponam.

277 1379 353 1456 222,
375 1378 413 1439 11
434 1374 465 1438 in
483 1374 509 1438 P
528 1373 649 1437 ridetur
666 1372 788 1437 ridetur
810 1372 963 1437 traditum
987 1378 1038 1438 est
1060 1374 1158 1439 altero
1179 1394 1274 1458 supra
1293 1392 1425 1438 uersum
1538 1367 1539 1440 ἶ

277 1502 373 1548 manu
393 1481 531 1546 secunda
550 1478 718 1561 adscripto,
733 1478 763 1543 in
780 1478 874 1543 BDP¹
890 1480 966 1544 item
984 1480 1108 1543 ridetur
1125 1482 1295 1563 repetitum
1314 1480 1424 1557 babes,

277 1588 358 1655 inC
391 1588 525 1667 alterum
558 1588 642 1650 recte
676 1585 841 1649 omissum.
874 1587 949 1661 235,
978 1585 1102 1650 binP
1135 1587 1324 1651 emblemate
1357 1590 1425 1649 eret

140 1730 142 1735 ·
277 1716 369 1777 seper
395 1714 489 1778 qnam
516 1712 585 1755 earm
611 1710 710 1756 sanus
737 1697 815 1755 esset
843 1711 878 1755 er
906 1692 1122 1777 dittograpbia
1149 1696 1217 1757 orto
1247 1692 1347 1758 oratio
1379 1691 1424 1756 iu-

279 1802 408 1886 quinata
431 1803 489 1864 est.
515 1798 798 1880 eadem-praebent
816 1795 880 1874 Be,
904 1798 935 1861 in
961 1798 1027 1863 DP'
1051 1798 1103 1864 hic
1126 1799 1217 1865 loeus
1242 1799 1425 1865 coniectura
1539 1859 1540 1864 ,

279 1906 474 1973 constitutus
499 1908 558 1981 est,
583 1904 638 1969 sed
657 1903 724 1979 tali,
744 1906 783 1967 ut
800 1903 964 1967 libranum
984 1904 1114 1969 eandem
1134 1906 1323 1988 scripturam
1344 1925 1426 1988 quae

278 2014 309 2077 iu
325 2012 437 2077 ceteris
457 2014 631 2077 estalante
651 2010 760 2074 oculos
780 2008 931 2075 habuisse
951 2010 1129 2093 colligatur.
1151 2016 1291 2077 ceterum
1307 2014 1425 2093 quanta
1540 2023 1541 2054 l

277 2118 478 2184 librariorum
510 2118 541 2181 iu
575 2117 731 2198 scriptura
762 2115 959 2180 immutanda
982 2119 1015 2180 et
1037 2117 1266 2201 corrumpenda
1296 2117 1427 2182 licentia

280 2226 386 2300 fuerit,
411 2226 489 2289 salis
513 2224 615 2287 multa
638 2226 670 2287 et
693 2223 858 2288 luculenta
879 2222 911 2286 in
930 2221 957 2286 B
977 2225 1009 2287 et
1028 2223 1056 2288 D
1077 2225 1219 2307 exempla
1243 2224 1425 2289 ostendunt.
1540 2229 1541 2250 ¹

325 2331 461 2396 Mauriui
483 2334 607 2414 praeter
625 2328 712 2394 PP¹C
733 2332 884 2428 quattuor
907 2329 1030 2394 codices
1050 2328 1270 2407 adhibuerunt,
1291 2350 1428 2414 quorum

281 2439 454 2505 Uaticanus
479 2435 671 2521 (byblum.
697 2439 759 2499 aut.
786 2436 849 2499 287
875 2454 955 2500 saec.
976 2435 1048 2519 XV)
1068 2436 1107 2501 ab
1129 2436 1267 2502 ilenrico
1291 2438 1357 2503 lilio
1380 2437 1427 2501 iu-

282 2546 411 2628 spectus
435 2562 508 2607 cum
531 2542 557 2607 P
582 2542 749 2607 consentit.
773 2541 993 2606 laudunensis
1017 2542 1140 2606 decimo
1165 2544 1203 2608 ab
1228 2544 1272 2609 eis
1297 2543 1428 2609 saeculo
1541 2579 1542 2586 κ

281 2651 472 2732 adscriptus,
498 2668 591 2731 quem
614 2649 731 2712 frustra
755 2648 909 2729 quaesiui,
934 2652 967 2712 et
990 2648 1203 2733 DionysIunns
1232 2651 1301 2715 sine
1329 2648 1427 2715 dubio

279 2757 435 2822 recentior
462 2761 500 2821 ut
523 2755 722 2821 Oolbertinns
753 2774 790 2819 ex
816 2755 886 2836 ipso
910 2755 935 2818 P
960 2756 1140 2821 manauisse
1163 2756 1327 2833 uidentur3
1352 2756 1426 2822 Tor-

281 2882 448 2929 naoensem
468 2861 601 2944 denique
622 2864 654 2925 et
671 2862 776 2945 ipsum
797 2863 1003 2927 recentiorem
1025 2864 1116 2931 libris
1135 2865 1201 2931 DP‘
1226 2865 1427 2931 simillimum

281 2989 351 3035 esse
380 2969 426 3034 eis
456 2987 537 3051 quae
560 2968 697 3033 Macrini
726 2972 934 3034 enotanerunt
958 2970 1202 3037 demonstratur.
1226 2972 1351 3037 duobus
1375 2990 1427 3035 eo-

282 3077 406 3141 dIcibus
439 3075 590 3140 Balloniui
623 3093 701 3139 usus
736 3078 794 3153 est,
827 3076 1017 3142 Nouarieusi
1049 3078 1207 3163 (XLVIII)
1232 3080 1274 3141 20
1307 3078 1427 3144 saeculi

281 3184 368 3257 XIII,
394 3200 486 3263 quem
511 3182 541 3245 in
564 3182 757 3265 praefatione
781 3182 954 3247 uoluminis
978 3184 1072 3272 primi
1100 3184 1252 3266 descripsi
1275 3221 1319 3231 -
1342 3184 1428 3249 huno

280 3289 398 3353 librum
432 3290 686 3367 exenteratum
719 3307 754 3351 er
787 3288 954 3371 scripturis
978 3308 996 3353 a
1018 3289 1188 3355 BallerInio
1215 3290 1328 3355 adlatis
1352 3309 1426 3355 eum

281 3396 373 3479 plane
402 3413 474 3459 oum
497 3394 563 3458 DP¹
592 3394 769 3477 conspirare
798 3395 1035 3473 intellexissem,
1064 3415 1129 3460 rem
1158 3415 1427 3479 superuacaneam

281 3506 313 3567 et
335 3501 481 3566 inutilem
506 3518 576 3565 asse
601 3500 674 3565 duri
698 3538 741 3547 —
766 3505 798 3565 et
822 3502 929 3566 oodIce
957 3502 1176 3586 bybliothecae
1205 3504 1427 3567 canonicorum

281 3608 431 3672 basilicae
464 3625 490 3670 s.
520 3606 681 3671 Ambrosii
713 3607 840 3671 saeculo
872 3606 943 3683 Xll,
977 3606 1062 3690 quod
1093 3608 1131 3672 Α.
1159 3607 1247 3671 Ratti
1278 3610 1426 3685 testatur,

282 3718 416 3793 exarato,
445 3732 538 3795 quem
571 3712 655 3796 qud
682 3716 794 3795 utpote
821 3714 901 3778 libro
929 3714 956 3777 B
980 3714 1128 3791 similem,
1157 3712 1212 3778 sed
1239 3714 1428 3779 detentorem

281 3822 404 3906 neglexi
427 3838 520 3885 nemo
543 3823 621 3902 puto
641 3820 858 3901 reprehendet.
887 3840 922 3885 ex
939 3821 966 3885 D
986 3822 1040 3884 uel
1059 3840 1095 3885 ex
1113 3819 1194 3884 libro
1214 3820 1282 3883 eius
1302 3820 1428 3903 generis
1453 3800 1458 3809 ⁴

280 3928 372 3993 fluxit
395 3925 597 3991 Amerbachii
619 3926 769 3991 recensio.

327 4036 440 4099 Restat
468 4037 514 4110 ut,
539 4032 622 4115 quod
650 4052 700 4096 mu
724 4033 883 4099 facturum
906 4053 977 4098 esse
999 4034 1164 4117 pollicitus
1188 4052 1271 4110 sum,
1296 4033 1333 4097 de
1355 4033 1426 4097 loeo

283 4141 337 4223 qui
365 4142 442 4218 278,
469 4141 508 4204 18
536 4139 656 4221 legitur
683 4159 845 4223 exponam.
883 4141 998 4204 etenim
1026 4159 1173 4225 maguam
1204 4140 1289 4203 hunc
1320 4140 1426 4205 locum

281 4249 429 4312 tractanti
449 4246 528 4311 mihi
546 4244 671 4329 parauit
689 4246 911 4311 difficultatem
930 4248 1060 4311 uerbum
1081 4247 1161 4311 illud
1181 4244 1347 4325 Graecum,
1364 4264 1425 4330 quo

281 4354 467 4419 Ambrosius
492 4352 522 4417 in
547 4372 626 4418 uoce
650 4361 778 4418 actuosa
801 4354 983 4437 explicanda
1006 4374 1084 4419 usus
1107 4359 1166 4419 est.
1204 4374 1276 4419 uam
1299 4361 1428 4419 actuoso
