3100 4967
260 433 326 497 526
738 429 935 482 Ambrosii

261 628 357 693 solita
381 630 513 692 transire
537 648 593 710 per
615 628 780 709 plurimes.
805 646 866 691 uno
890 627 991 691 teucri
1009 627 1112 691 nescit
1131 629 1269 705 saccula,
1289 626 1407 691 uersari

261 754 299 799 ac
322 736 479 800 numerari
504 734 636 816 expetit:
661 754 757 799 usum
780 734 924 817 requirit,
948 737 986 798 ut
1004 733 1151 816 adquirat
1168 753 1310 798 usuram.
1334 734 1408 797 fluc-

262 846 315 907 tus
340 842 468 924 quidam
492 844 542 907 est
568 841 676 920 maris,
706 860 766 905 non
794 840 929 905 fructus.
961 842 1097 923 pecunia
1122 860 1297 921 numquam
1325 841 1409 923 quie

264 950 335 1014 scit.
349 949 468 1013 labitur
482 950 574 1012 uelut
587 949 718 1031 scopulo
733 948 840 1012 inlisa:
860 948 907 1011 ita
925 948 1081 1031 gremium
1100 946 1253 1012 debituris
1270 948 1410 1029 percutit
1451 957 1524 1013 esst

263 1059 297 1121 et
321 1056 469 1121 continuo
493 1055 644 1119 relabitur
667 1074 715 1133 eo,
739 1054 823 1119 unde
846 1055 1012 1137 processit.
1037 1074 1108 1119 cum
1132 1074 1295 1119 murmure
1313 1055 1410 1131 uenit,
1440 1080 1452 1117 a

263 1184 339 1229 cum
363 1163 484 1247 gemitu
509 1162 689 1227 reuertitur.
712 1162 892 1243 frequenter
913 1164 1019 1226 tamen
1044 1161 1205 1244 placidum
1224 1163 1290 1226 stat
1308 1160 1411 1225 uentis

265 1290 360 1345 mare,
386 1289 511 1353 semper
533 1269 668 1334 faenoris
692 1268 777 1332 unda
800 1268 945 1332 iactatur.
969 1270 1087 1351 mergit
1104 1268 1284 1351 naufragos,
1306 1267 1413 1349 expuit

266 1378 378 1456 nudos,
412 1378 548 1441 uestitus
588 1376 683 1450 eruit,
721 1375 900 1457 insepultus
936 1374 1097 1457 relinquit.
1135 1395 1301 1440 nummum
1338 1394 1412 1459 ergo

267 1484 349 1569 petis
378 1489 411 1550 et
437 1485 637 1568 naufragium
671 1483 820 1566 suscipis.
854 1484 927 1548 hinc
960 1481 1134 1565 Charybdis
1167 1482 1413 1565 circumstrepit,

268 1595 340 1658 binc
374 1591 510 1668 Sirenes,
544 1609 623 1673 quae
656 1589 835 1673 uoluptatis
869 1590 975 1673 specie
1009 1592 1041 1653 et
1072 1608 1202 1655 canorae
1235 1589 1413 1653 dulcedinis
1431 1613 1455 1649 n

268 1701 427 1765 suauitate
450 1698 481 1761 in
504 1698 587 1762 uada
611 1716 705 1762 caeca
731 1697 884 1761 deductos
903 1696 1091 1780 repetendae
1110 1696 1234 1774 domus,
1254 1701 1292 1759 ut
1310 1696 1415 1759 ferunt

217 1808 405 1885 litabulue,
429 1824 484 1887 spe
515 1808 547 1868 et
577 1804 752 1887 cupiditate
784 1803 979 1868 fraudabant.
1012 1804 1120 1869 atatim
1150 1803 1333 1867 uenditcrcs
1359 1822 1415 1866 un·
1470 1813 1489 1865 Β

270 1913 380 1999 guenti
404 1914 435 1976 et
460 1911 656 1975 diuersarum
681 1912 859 1993 specierum
881 1910 1012 1974 inruunt
1038 1910 1130 1973 uelut
1161 1928 1254 1974 canes
1287 1908 1415 1991 quidam

270 2020 377 2105 sagaci
409 2019 541 2100 praedae
578 2019 726 2101 negantis
764 2018 859 2083 odore
896 2017 1068 2100 perstricti,
1105 2018 1283 2092 uenatures,
1315 2017 1416 2100 pisca·

270 2130 367 2203 tores,
393 2144 542 2208 aucupes,
568 2144 725 2207 caupones
751 2145 877 2207 quoque
902 2126 1070 2189 miscentes
1093 2143 1180 2188 mern
1209 2143 1336 2207 aquam,
1364 2124 1457 2205 quin

270 2232 470 2297 nobilitatem
499 2232 621 2296 uetusti
651 2233 773 2316 generis
803 2236 836 2295 ct
862 2233 981 2315 patriae
1010 2250 1045 2295 ac
1074 2233 1210 2296 natalem
1240 2231 1325 2294 diem
1352 2232 1419 2294 uiui

272 2341 515 2404 circumsonent.
550 2340 794 2404 circumstantes
818 2343 946 2421 repente
969 2338 1101 2421 parasiti
1125 2357 1218 2421 quem
1242 2342 1315 2401 ante
1340 2339 1420 2403 sole-

272 2446 349 2510 bant
372 2464 518 2528 speruere
542 2447 691 2521 salutant,
717 2446 887 2523 deducunt,
918 2446 957 2510 ad
985 2446 1138 2510 laetitiam
1166 2449 1353 2528 prouocare,
1381 2444 1419 2508 ad

271 2558 437 2636 sumptum
470 2552 604 2616 incitant
641 2552 797 2617 dicentes:
835 2552 972 2616 uenite
1010 2554 1049 2615 et
1084 2551 1265 2616 fruamur
1301 2551 1419 2616 banis
1474 2557 1491 2611 C

274 2679 374 2743 quae
399 2661 493 2725 sunt
516 2663 554 2723 et
578 2662 739 2723 utamur
763 2662 952 2724 creatura
975 2663 1176 2740 tamquam
1200 2658 1420 2723 iuuentute
1437 2680 1460 2717 s

274 2768 481 2831 celeriter.
514 2767 608 2831 uino
638 2766 823 2849 pretiose
856 2769 894 2830 et
916 2765 1140 2849 unguentis
1164 2785 1235 2830 nos
1258 2765 1421 2849 implea-

276 2892 372 2952 mus,
397 2877 436 2937 at
458 2893 531 2937 non
556 2876 794 2955 praetereat
815 2892 886 2937 uns
911 2874 991 2936 flos
1022 2874 1231 2954 temporis.
1262 2890 1421 2937 carane-

166 2974 169 2981 '
274 3000 360 3045 mus
384 3000 456 3045 nos
480 2981 599 3056 rosis,
625 2984 840 3062 antequam
863 2982 1128 3045 marcescant.
1161 2978 1317 3043 nullum
1341 2998 1422 3061 pra-

274 3090 358 3151 tum
396 3087 463 3165 sit,
503 3086 606 3168 quod
644 3106 717 3151 nou
761 3089 1023 3169 pertranseat
1062 3086 1224 3151 luxuria
1265 3088 1421 3149 nostre:

273 3194 427 3275 ubique
447 3194 728 3275 relinquamus
749 3193 867 3276 signa
886 3192 1087 3270 laetitiae,
1111 3191 1300 3275 quoniam
1325 3192 1461 3256 haece

365 3354 380 3407 6
402 3352 480 3421 Uerg.
501 3351 556 3405 Ecl.
577 3353 601 3413 2,
622 3352 656 3406 26
713 3352 743 3405 11
766 3351 846 3419 Uerg.
865 3352 932 3404 Aen.
953 3352 1037 3405 1540
1093 3352 1126 3405 19
1146 3351 1209 3419 Sap.
1229 3352 1253 3413 2,
1273 3350 1344 3403 6-9

313 3458 434 3512 lnescit
452 3475 504 3512 om.
522 3458 587 3511 DP'
642 3458 809 3528 3pecunise
828 3458 854 3510 V
925 3458 1072 3527 quiiscitP
1089 3457 1301 3526 requiescitBT
1351 3457 1423 3510 tla-

274 3548 351 3599 uitur
369 3548 396 3600 P
467 3548 576 3616 scopulo
596 3548 623 3599 P
695 3548 799 3615 gremia
818 3548 888 3600 Pet
908 3553 988 3612 (corr.
1007 3550 1064 3613 m2)
1090 3546 1116 3600 V
1204 3546 1377 3610 iiactantnr
1396 3550 1424 3609 (n

273 3650 335 3701 exp.
356 3638 412 3701 m2)
433 3635 460 3688 Β
514 3635 619 3705 9petis
641 3638 663 3701 (s
684 3638 824 3705 extm2)
842 3636 870 3688 Β
928 3636 991 3689 binc
1012 3640 1040 3701 (ιι
1058 3649 1080 3689 a.
1099 3643 1139 3698 ιι.)
1159 3635 1187 3688 Β
1245 3634 1427 3687 charibdisV

273 3722 393 3775 caribdis
412 3722 529 3776 PDP¹C
547 3724 671 3793 carybdis
690 3723 748 3777 BT
820 3724 852 3777 10
870 3725 973 3777 sirenes
997 3722 1023 3777 V
1040 3730 1064 3777 et
1083 3728 1123 3789 (es
1142 3741 1176 3778 erc
1194 3726 1217 3777 is
1235 3728 1292 3789 m2)
1312 3723 1340 3776 B
1358 3724 1425 3777 sire-

276 3812 318 3864 nis
337 3811 413 3865 Prc
430 3812 534 3867 sirenae
553 3814 582 3867 D
601 3830 695 3882 syrene
715 3812 750 3865 P‘
805 3813 967 3883 speciemV
1020 3829 1118 3866 canora
1136 3812 1163 3866 Β
1235 3812 1381 3866 dulcidinia
1401 3812 1427 3865 P

277 3901 309 3953 11
331 3900 414 3953 uedat
435 3905 496 3953 tour.
511 3900 639 3955 deductos
651 3945 656 3955 .
669 3945 674 3954 .
688 3946 692 3954 .
705 3900 800 3955 domus
818 3903 911 3970 spatio
925 3902 1031 3972 rel-icto)
1050 3901 1074 3954 V
1133 3902 1226 3955 domos
1240 3902 1267 3954 P
1319 3902 1352 3955 12
1365 3901 1425 3954 uin·

278 3988 374 4042 ditaris
394 3989 421 4042 P
491 3990 605 4059 ungenti
625 3990 742 4045 PBDP
817 3992 849 4045 13
869 3990 979 4061 quidam
999 4007 1079 4044 canes
1097 3990 1162 4044 ΒΡ
1237 3992 1270 4044 14
1288 3989 1425 4060 perstricti
1537 4047 1538 4050 ,

276 4076 418 4131 Costcrr'us
436 4078 590 4147 praestricti
611 4078 676 4131 libri
714 4080 899 4148 renatusque
920 4080 1012 4149 generi
1036 4078 1062 4132 V
1078 4082 1157 4132 uestn
1176 4079 1284 4149 generis
1303 4078 1330 4130 B
1385 4077 1425 4147 ar]

274 4170 307 4221 et
325 4166 368 4229 P‘,
388 4184 439 4223 om.
461 4167 484 4220 0
552 4168 583 4220 17
605 4168 813 4236 circumsonent]
833 4185 880 4221 cur
899 4172 1048 4222 consonent
1067 4168 1124 4222 BT
1190 4168 1383 4222 circumstante
1401 4168 1428 4221 P

274 4256 454 4309 circumstant
472 4254 527 4308 BT
615 4255 767 4325 parastiV
848 4257 883 4310 20
899 4260 1023 4310 creatura
1040 4256 1068 4308 P
1157 4259 1296 4325 tamquam
1314 4256 1341 4309 in
1361 4256 1426 4309 DP‘

275 4344 311 4396 21
334 4344 462 4412 ungentis
482 4343 599 4397 PDPC
