3100 4967
230 434 293 498 154
705 427 903 484 Ambrosii

227 624 262 691 in
287 630 406 704 utero,
431 624 519 691 noui
538 627 574 689 te
595 628 631 690 et
648 625 872 707 priusquam
892 625 1013 690 exires
1034 625 1077 690 de
1096 627 1214 691 uulua
1231 632 1374 710 matris,
1444 650 1469 705 Β

228 733 477 797 sanctificari
495 735 541 797 te.
563 732 721 817 geminam
741 733 843 817 igitur
860 733 1016 816 propheta
1033 732 1065 797 in
1086 733 1213 800 Christo
1229 738 1376 802 substan-

137 870 146 881 ·
226 840 305 904 tium
330 838 513 916 declararit,
533 838 712 903 diuinitatis
732 844 765 903 et
784 840 897 918 carnis,
918 839 1050 904 alteram
1071 859 1107 904 ex
1125 845 1225 923 patre,
1245 843 1376 910 alteram

228 966 264 1011 er
292 946 426 1031 uirgine,
454 946 500 1010 ita
533 950 638 1010 tamen
671 949 707 1011 nt
739 966 800 1011 non
829 966 937 1011 exsors
966 966 1042 1011 sune
1071 947 1251 1014 diuinitatis
1280 957 1377 1027 esset,

228 1072 301 1118 curn
325 1073 361 1117 ex
384 1054 508 1137 uirgine
532 1056 717 1119 nasceretur
740 1056 773 1117 et
797 1057 884 1118 esset
905 1054 938 1117 in
963 1073 1103 1136 corpore.

184 1168 225 1230 52
272 1158 363 1224 Unde
388 1164 420 1225 et
444 1159 641 1225 conualuit
664 1178 778 1243 super
801 1180 927 1225 omnes
950 1164 1100 1227 montes
1126 1165 1162 1225 et
1185 1162 1376 1229 desideria

228 1266 385 1330 collium
423 1240 673 1331 aetern'orum.
713 1284 810 1348 super
846 1284 955 1330 omnes
995 1267 1080 1330 enim
1115 1266 1190 1331 illos
1228 1269 1375 1334 sublimis

227 1372 331 1437 meriti
359 1372 446 1436 uiros
475 1371 670 1453 patriarchas
692 1375 723 1435 et
745 1371 918 1454 prophetas
944 1374 977 1435 et
1000 1372 1174 1453 apostolos,
1199 1373 1375 1439 sedetiam

228 1480 311 1543 ultra
336 1479 436 1543 solem
459 1478 567 1543 lunam
592 1480 799 1561 archangelos
823 1482 987 1561 tamquam
1007 1479 1084 1543 caeli
1105 1479 1213 1543 lumen
1233 1480 1375 1560 emicuit,
1445 1496 1467 1553 c

228 1585 399 1667 sicutipse
420 1586 482 1648 ait:
503 1604 572 1649 non
593 1587 653 1650 est
677 1586 898 1666 discipulus
924 1604 1037 1669 super
1058 1586 1283 1669 magistrum
1308 1608 1374 1653 nec
1394 1617 1420 1655 ro

228 1711 361 1756 seruus
381 1710 495 1773 super
514 1690 714 1756 dominum.
736 1692 808 1774 quis
828 1692 911 1757 eninr
931 1693 1059 1757 illorum
1078 1694 1141 1756 fuit
1160 1694 1210 1758 cui
1229 1695 1376 1759 subiecta

228 1802 334 1863 essent
362 1798 475 1876 omnia,
505 1798 622 1879 quibus
646 1798 715 1883 ipso
739 1799 872 1863 donauit
895 1800 979 1881 qnod
1004 1803 1115 1864 erant?
1138 1800 1171 1864 in
1196 1821 1258 1883 quo
1283 1802 1375 1867 hene·

227 1904 376 1968 dicuntur
394 1923 503 1968 ornnes
522 1905 624 1969 sancti
645 1905 724 1980 eius,
746 1906 821 1987 quia
838 1906 908 1989 ipse
927 1909 1090 1990 estsuper
1109 1907 1214 1990 capita
1232 1910 1374 1973 omniurn

228 2014 323 2093 caput
338 2012 478 2075 omnium
490 2049 533 2059 -
544 2012 640 2093 caput
653 2011 736 2075 enim
750 2011 896 2077 mulieris
911 2012 970 2089 nir,
986 2017 1083 2097 capnt
1096 2013 1157 2077 uiri
1169 2014 1315 2080 Christus
1331 2054 1373 2064 -

227 2122 259 2182 et
282 2137 378 2200 snper
399 2117 537 2182 uertices
562 2116 713 2195 omnium,
738 2118 813 2199 quia
835 2118 904 2201 ipso
928 2121 979 2182 est
1001 2120 1241 2202 supereminens
1264 2125 1374 2187 uerter
1394 2146 1420 2185 rs

226 2225 457 2301 uniuersorum,
484 2224 539 2287 aad
561 2224 722 2288 iustorum
746 2227 796 2289 est
819 2228 928 2289 uerter
951 2226 1139 2302 altissimus,
1160 2246 1241 2309 quos
1260 2228 1374 2294 fratres

225 2334 321 2395 uocat
361 2330 538 2414 adquisitos
579 2349 634 2413 per
675 2330 810 2414 gratiam
852 2333 885 2395 et
926 2332 1085 2414 quoddam
1127 2336 1373 2418 regenerationis
1437 2343 1464 2396 D

226 2438 431 2502 consortium.
469 2437 551 2501 unde
589 2438 622 2499 et
656 2437 807 2502 fratribus
844 2438 960 2522 Ioseph
998 2439 1072 2504 illos
1113 2440 1217 2525 magis
1259 2440 1372 2507 fratres

226 2543 454 2628 intellegimus,
484 2543 521 2607 de
551 2544 667 2625 quibus
701 2544 779 2609 dicit
810 2544 842 2608 in
874 2547 1017 2627 psalmo:
1051 2547 1208 2611 narrabo
1241 2568 1373 2613 nornen

226 2654 332 2715 tuurn
369 2649 556 2715 fratribus
594 2650 697 2725 mais,
736 2650 773 2715 in
812 2652 933 2718 medio
977 2654 1168 2719 ecclesiae
1210 2655 1419 2721 cantaboro

226 2758 307 2823 tihi.

181 2874 222 2936 53
270 2864 415 2946 Denique
444 2867 476 2927 et
503 2864 632 2946 Moyses
662 2864 880 2946 completurus
904 2866 990 2929 uitae
1012 2866 1109 2931 istius
1134 2887 1274 2945 cursum,
1298 2888 1370 2934 cunr

224 2969 428 3035 benediceret
456 2970 574 3034 tribum
602 2970 729 3053 Ioseph,
759 2990 820 3035 non
845 2971 1073 3055 illurnutique
1096 2974 1159 3037 iam
1184 2974 1371 3040 defunctum

224 3078 349 3160 Ioseph,
383 3077 440 3141 sed
470 3076 631 3143 Christum
660 3077 879 3156 benedicebat,
909 3080 994 3144 sicut
1020 3080 1120 3145 habea
1149 3082 1305 3164 scriptum
1333 3082 1372 3146 do

225 3184 361 3267 Ioseph:
396 3202 414 3247 a
446 3184 713 3249 benedictione
747 3186 888 3249 domini
921 3190 1021 3250 terra
1052 3188 1146 3265 eius,
1180 3188 1416 3254 afinibusrs

223 3290 321 3355 caeli
356 3294 392 3355 et
425 3310 442 3354 a
473 3310 556 3355 rore
591 3293 627 3355 ot
658 3292 701 3356 ab
735 3292 887 3375 abyssis
920 3293 1082 3358 fontium
1121 3295 1296 3359 deorsum
1335 3306 1371 3360 et
1439 3312 1462 3365 Ε

313 3482 345 3535 10
364 3482 463 3539 Matth.
485 3482 526 3545 10,
548 3482 582 3535 24
619 3483 652 3537 13
671 3482 770 3552 Ephes.
792 3484 815 3547 1,
835 3484 881 3548 22;
902 3485 928 3539 4.
950 3486 982 3538 15
1022 3486 1055 3538 14
1069 3484 1083 3538 Ι
1098 3484 1156 3539 Cor.
1173 3486 1215 3548 ll,
1235 3487 1252 3540 3
1270 3486 1369 3556 aphes.

222 3573 247 3631 5,
268 3570 301 3624 23
350 3571 382 3625 16
401 3570 501 3625 Matth.
521 3572 563 3635 12,
582 3572 617 3625 49
637 3588 676 3641 sq.
726 3572 758 3625 19
777 3571 878 3627 Psalm.
897 3572 960 3625 XXI
979 3574 1014 3627 23
1060 3575 1094 3629 25
1109 3574 1190 3628 Dent.
1205 3575 1248 3638 33,
1265 3576 1369 3630 13-17

257 3696 273 3746 4
294 3692 426 3761 uirginem
446 3694 472 3746 B
528 3710 617 3747 exsors
638 3697 661 3759 (s
675 3710 721 3762 pr.
741 3710 762 3747 a.
782 3698 822 3759 u.)
841 3695 884 3747 P‘
904 3711 979 3748 crore
999 3695 1100 3749 N¹VP'
1155 3699 1171 3750 6
1190 3699 1331 3752 conualuit
1348 3699 1370 3749 R

221 3782 323 3852 (cona.
343 3782 382 3851 u.)
450 3782 574 3851 Setpr.
594 3788 718 3836 curuo.
738 3783 831 3837 ru2P
899 3786 932 3838 12
951 3785 980 3838 in
997 3802 1019 3841 a.
1039 3803 1065 3839 u.
1085 3786 1113 3839 B
1188 3789 1220 3841 15
1239 3788 1369 3857 omnium]

222 3898 353 3951 montiurn
372 3897 414 3953 ⁸11⁰
486 3902 592 3953 *nonen
611 3898 639 3952 P
703 3898 734 3951 16
754 3864 869 3953 altissidr
888 3900 916 3953 P
989 3918 1055 3969 qnos
1074 3902 1211 3955 NVPP‘
1230 3902 1303 3972 qnod
1321 3910 1368 3956 cet.

223 3988 255 4040 17
274 3988 386 4041 uocauit
403 3986 435 4040 N
440 3987 491 4041 VD
563 3986 778 4057 regenerationis
797 3988 823 4039 B
844 3992 883 4042 (re
901 4005 922 4042 a.
942 3993 981 4055 u.)
1069 3990 1102 4044 18
1121 3997 1149 4044 et
1168 3992 1283 4046 BDOT
1295 3996 1322 4045 et
1340 3991 1369 4045 in

221 4076 299 4129 P‘P‘¹
324 4076 404 4143 (sort.
424 4081 504 4143 recu)
530 4080 557 4131 et
581 4076 613 4129 de
633 4076 660 4130 P
683 4076 728 4145 (de
747 4092 767 4129 a.
788 4092 816 4130 u.
835 4080 893 4143 m2)
916 4077 948 4129 P
971 4079 1000 4130 in
1024 4078 1051 4132 V
1070 4080 1144 4135 exbl
1168 4082 1214 4138 (ec
1236 4087 1275 4141 et)
1297 4080 1372 4136 91⁴¹E

220 4164 254 4217 ‘20
274 4162 388 4216 cantabo
408 4164 471 4233 tihi]
490 4164 607 4217 laudabo
625 4168 653 4217 te
672 4163 750 4221 Pau‘
827 4166 861 4219 ‘25
882 4182 956 4233 apr.
975 4182 996 4219 a.
1015 4184 1043 4219 u.
1063 4169 1090 4220 B
1162 4169 1197 4223 26
1217 4174 1245 4223 et
1264 4168 1297 4223 ab
1316 4186 1367 4223 om.

220 4252 249 4304 I)
267 4256 309 4304 m1
329 4252 407 4315 (odd.
426 4256 482 4316 1122>
506 4252 537 4315 Τ,
558 4252 590 4306 ab
611 4270 661 4307 om.
680 4252 751 4306 N⁴V
863 4254 953 4323 abyssi
977 4255 1003 4307 V
1019 4256 1129 4326 abyssus
1148 4258 1178 4311 D
1198 4259 1245 4323 (-is
1264 4262 1322 4324 m2)
1346 4257 1372 4313 P

256 4340 378 4394 deorsum
399 4348 478 4395 extro
496 4358 522 4394 u.
538 4348 637 4411 postea
657 4342 722 4395 add.
742 4342 775 4399 bt‘
793 4358 828 4394 m.
848 4350 905 4396 aut.
927 4343 1066 4399 decursum
1091 4346 1118 4397 V
