3100 4967
232 492 273 545 De
281 492 417 561 interpell.
427 492 476 545 Iob
492 496 520 546 et
529 492 620 547 Dauid
630 492 643 546 Ι
653 494 679 555 9,
690 492 732 547 31.
743 492 771 546 11
782 492 846 559 (ill)
859 495 882 555 1,
896 495 918 547 1.
932 495 947 546 2
967 494 992 558 (I
1002 494 1054 548 638
1064 493 1178 549 a-ess
1189 495 1232 559 Α).
1266 497 1331 561 233

331 778 389 843 us
414 685 868 843 rurnnprniiiiii'a
894 776 1066 843 sanem
1089 778 1180 843 rou.

75 898 131 979 l,1
227 901 378 985 Superior
400 900 492 964 nobis
516 900 691 981 disputatio
715 900 778 964 fuit
801 900 840 964 de
864 900 1116 982 interpellatione
1136 904 1427 979 sanctorumessr

181 1009 266 1093 quod
288 1008 412 1092 fragilis
438 1012 469 1073 et
491 1007 640 1071 inbecilla
664 1006 809 1072 condicio
834 1008 981 1084 humana,
1002 1028 1083 1089 quae
1102 1027 1261 1091 nusquam
1280 1008 1328 1073 sui
1358 1016 1381 1069 B

149 1116 297 1181 shabeat
318 1114 502 1179 firmitatem
525 1114 588 1179 nisi
610 1114 642 1178 in
666 1115 863 1197 protectione
887 1116 1036 1179 caelesti:
1061 1115 1156 1179 hodie
1179 1116 1271 1179 nobie
1295 1134 1332 1179 ea

182 1222 335 1289 sumenda
364 1224 422 1299 est,
453 1222 538 1304 quod
565 1222 685 1305 uulgus
708 1221 886 1298 hominum,
910 1222 1053 1304 plerique
1077 1221 1174 1285 etiam
1196 1221 1332 1303 pruden-

182 1329 263 1393 tium
302 1327 394 1392 ualde
432 1330 611 1405 mouentur,
650 1345 722 1391 euru
761 1326 873 1391 uident
903 1328 1041 1392 iniustos
1074 1326 1202 1391 affluere
1236 1328 1331 1393 rebus

182 1434 341 1513 secundis,
366 1434 470 1499 iustos
495 1438 601 1498 autem
625 1434 806 1516 frequenter
829 1433 984 1498 adflictari
1007 1434 1038 1498 in
1062 1434 1123 1498 hoe
1142 1436 1280 1499 saeculo.
1300 1442 1333 1499 et

182 1560 256 1606 uere
284 1541 427 1605 lubricus
457 1541 508 1604 hio
537 1541 638 1619 loeus,
668 1542 698 1604 in
728 1558 791 1621 quo
820 1541 919 1604 etiam
947 1541 1050 1605 sancti
1078 1541 1132 1604 uir
1159 1544 1332 1624 potueruut

137 1668 163 1709 ro
181 1668 273 1713 uerae
307 1648 464 1729 opinionis
496 1654 603 1712 tenere
636 1646 824 1731 uestigium.
858 1647 993 1729 denique
1026 1647 1175 1711 turbatus
1213 1650 1262 1712 eet
1298 1653 1332 1712 et

181 1757 250 1839 ipse
270 1755 383 1832 Dauid,
404 1755 508 1836 quiin
533 1754 751 1837 superioribus
776 1755 915 1819 dixerat:
940 1755 1095 1819 oeeulta
1117 1756 1330 1837 sapientiae

181 1867 268 1927 tuae
301 1862 560 1927 manifestasti
584 1862 685 1926 mihi.
714 1880 825 1925 uerum
849 1865 956 1926 tamen
981 1860 1182 1926 confirmauit
1204 1881 1238 1925 se
1261 1862 1330 1943 ipse
1358 1869 1379 1925 C

181 1974 293 2050 postea
325 1973 358 2032 et
389 1968 546 2051 perlectae
578 1969 710 2033 rationis
743 1969 830 2032 uiam
862 1968 1084 2049 inuestigauit.
1117 1967 1175 2031 lob
1203 1986 1330 2050 quoque

181 2080 311 2140 sanetus
336 2094 408 2139 eum
432 2076 535 2140 tribus
554 2076 620 2140 illis
641 2076 806 2141 ueteribus
826 2075 948 2151 amicis,
969 2076 1024 2158 qui
1043 2074 1082 2138 ad
1101 2073 1330 2139 consolandum

138 2204 162 2244 rs
181 2186 342 2251 uenerant.
372 2182 410 2246 de
439 2202 475 2247 eo
504 2182 652 2265 opinione
679 2182 711 2247 in
740 2200 884 2247 sermone
913 2182 1054 2246 luctatus
1078 2185 1137 2245 est.
1161 2179 1330 2262 utriusque

180 2289 281 2371 igitur
308 2288 540 2369 disputationes
568 2290 600 2353 in
624 2288 764 2354 medium
789 2288 998 2372 proferamus.
1023 2288 1112 2372 digni
1136 2291 1211 2351 sunt
1234 2286 1328 2361 enim,

182 2396 237 2477 qui
270 2394 361 2458 nobis
394 2394 615 2479 magisterium
649 2395 780 2460 uiuendi
812 2396 965 2470 adferant,
1003 2394 1259 2478 quandoquidem
1297 2393 1329 2457 iu

182 2500 325 2565 aduersis
352 2502 451 2583 positi
478 2502 551 2583 plus
581 2502 638 2565 deo
667 2503 790 2585 plaeere
819 2505 1014 2566 mememnt.
1039 2502 1205 2565 audiamus
1229 2500 1331 2583 igitur

96 2608 114 2669 2
181 2614 353 2690 utrumque
381 2626 439 2672 suo
469 2608 586 2673 ordine.
614 2608 838 2691 increpuerant
865 2608 1071 2672 uehementer
1098 2611 1244 2671 sanetum
1272 2606 1328 2669 Iob

137 2742 164 2780 aa
182 2716 313 2799 Eliphas
338 2716 569 2781 Themanorum
594 2734 646 2778 rer
670 2717 703 2778 et
725 2714 848 2778 Baldad
872 2714 1089 2779 Sauelreomm
1116 2718 1268 2797 tyrannus
1298 2716 1330 2775 et
1357 2724 1381 2777 D

184 2822 306 2905 Saphar
333 2822 530 2887 Minaeorum
559 2840 619 2897 rer,
646 2840 682 2885 eo
708 2820 793 2902 quod
815 2825 945 2903 propter
966 2824 1098 2903 peecata
1122 2839 1181 2884 sua
1204 2822 1330 2883 tantum

183 2929 333 3012 supplicii
361 2928 544 2993 sustineret.
573 2928 696 2992 intirmo
725 2927 843 2991 etenim
871 2927 997 3010 ingenio
1029 2946 1090 2991 non
1123 2926 1331 2990 aduertebant

184 3034 267 3117 quod
296 3034 443 3099 dominus
472 3053 544 3097 eum
572 3032 794 3115 temptandum
823 3032 974 3108 dedisset,
1004 3042 1040 3095 ut
1067 3032 1188 3096 athleta
1212 3030 1331 3097 Christi

182 3140 447 3226 temptationibus
472 3139 615 3204 eruditus
640 3139 758 3203 maiore
783 3137 821 3202 ad
845 3157 991 3203 coronam
1016 3138 1118 3222 gloria
1140 3139 1330 3219 perueniret.

274 3316 304 3370 11
325 3314 424 3372 Psalm.
444 3315 466 3368 L
484 3316 502 3369 8
561 3312 662 3368 1510b
682 3330 703 3369 e.
723 3312 812 3367 4-37
868 3310 971 3366 20101)
991 3313 1016 3375 2,
1038 3311 1069 3364 11

218 3441 235 3493 4
254 3437 398 3493 ἰιὼειοίΙΙα
415 3438 443 3491 Ρ
506 3436 628 3491 condicio
641 3436 709 3497 <sit>
723 3453 747 3498 α,
761 3434 832 3502 fort.
852 3434 958 3504 fragilis
971 3434 1039 3494 (sit)
1087 3435 1103 3489 5
1123 3434 1198 3505 lrotie
1217 3435 1245 3488 P
1263 3434 1291 3499 (d
1309 3450 1331 3488 s.

182 3532 195 3582 t
213 3528 270 3595 m2)
344 3543 376 3580 ea
389 3530 488 3596 postea
509 3526 573 3579 add.
598 3524 626 3588 0,
646 3540 697 3579 om.
718 3524 784 3578 ΒΡ
844 3526 860 3577 6
880 3522 953 3592 quod
971 3521 999 3575 Β
1018 3540 1070 3592 qua
1092 3522 1185 3593 (ique
1204 3529 1265 3589 eet.;
1285 3542 1330 3577 su-

183 3616 282 3672 menda
296 3615 390 3677 (inde)
404 3619 446 3669 est
465 3632 517 3684 quo
535 3614 677 3668 Hearieas
691 3613 810 3669 Schenkl
864 3614 879 3666 7
899 3613 1016 3666 iniustos
1029 3613 1058 3666 P
1075 3614 1101 3679 (o
1117 3628 1150 3665 ex
1163 3616 1192 3679 u)
1266 3614 1331 3667 aflu-

184 3723 228 3760 ere
247 3706 275 3759 P
337 3702 498 3758 sseeundis
518 3702 545 3757 P
563 3705 583 3767 (i
602 3708 681 3768 eeu)
756 3701 844 3771 affligi
862 3700 927 3755 ΒΡ
989 3703 1168 3771 9potuerent
1186 3702 1333 3771 P(va.e

185 3797 232 3849 ult⁴
252 3795 310 3862 m3)
367 3795 400 3847 12
419 3798 482 3847 tuae
501 3808 551 3847 om.
571 3790 621 3846 PC
640 3796 699 3862 (τῆς
720 3789 814 3861 σοφίας
833 3808 881 3842 σου
899 3788 998 3856 LXX)
1056 3792 1088 3844 14
1107 3792 1217 3844 sanetus
1235 3807 1286 3844 om.
1306 3790 1334 3843 B

220 3883 254 3937 ad
273 3880 466 3937 consolandum
487 3882 532 3951 qui
551 3897 580 3934 se
600 3884 732 3934 uenerant
751 3880 778 3932 B
847 3879 880 3933 15
899 3882 1031 3933 uenerant
1049 3880 1076 3933 P
1094 3884 1123 3945 (n
1140 3895 1162 3933 e.
1181 3882 1220 3945 a.)
1305 3882 1333 3932 in

184 3988 305 4027 semrone
325 3988 375 4026 om.
396 3972 423 4025 Β
480 3972 511 4025 17
532 3988 584 4040 quo
603 3969 668 4024 DP⁴
741 3970 930 4039 magisterium
948 3968 1014 4034 P(i
1034 3968 1084 4022 alt.
1103 3985 1124 4021 a.
1143 3972 1183 4033 a.)
1257 3967 1333 4021 adie-

184 4064 245 4115 rant
258 4061 287 4113 P
304 4064 331 4125 (ν
349 4076 370 4113 e.
391 4076 407 4113 a
426 4060 475 4113 alt.
494 4062 552 4125 m3)
610 4058 643 4112 18
663 4058 770 4129 plaeere
784 4058 812 4111 P
829 4058 849 4127 (l
863 4074 884 4111 a.
899 4060 938 4122 a.)
996 4057 1029 4111 19
1048 4057 1255 4125 increpauerant
1268 4054 1333 4109 ΒΡ*

184 4152 219 4205 20
247 4148 325 4203 elisae
344 4148 371 4201 P
394 4148 474 4201 elifaz
493 4148 520 4199 Β
544 4146 647 4217 eliphat
667 4146 726 4199 ΒΤ
747 4146 839 4214 elipha
864 4146 888 4197 0
995 4145 1091 4198 baldac
1113 4143 1143 4197 D
1165 4143 1281 4197 baldach
1299 4144 1334 4197 P*

221 4237 412 4291 uaueheomm
429 4237 481 4291 Pe
498 4252 655 4289 saueeomm
670 4236 698 4289 Β
716 4234 885 4288 suitheorurn
898 4234 962 4287 ΒΡ
1017 4235 1051 4287 21
1071 4232 1145 4286 sofar
1157 4233 1211 4286 PB
1282 4233 1334 4285 mi-

185 4342 294 4380 neomm
308 4324 390 4379 PRO
402 4324 641 4379 naamathenorum
656 4324 721 4378 DP‘
771 4324 806 4377 23
825 4321 1014 4393 temptandum
1028 4322 1056 4374 P
1070 4328 1097 4391 (p
1111 4337 1133 4376 a.
1148 4321 1187 4389 a.)
1256 4318 1334 4375 Chri-

186 4415 232 4485 sti]
252 4414 295 4469 dei
314 4414 341 4467 Β
395 4414 430 4467 24
451 4414 484 4468 ad
504 4413 613 4467 maioris
633 4430 685 4467 cor.
706 4412 809 4481 gloriae
828 4412 894 4464 DP‘
