3100 4967
382 432 423 485 Da
442 431 508 501 suga
527 432 628 485 saeculi
647 432 672 495 2,
692 432 782 487 8-10
819 430 843 500 (Ι
861 432 915 487 420
934 433 1046 487 1)-421
1068 430 1109 501 C).
1250 434 1316 498 169

160 626 243 691 enirn
276 646 345 691 eam
380 626 594 711 cognitionem
628 627 726 692 fuant
757 628 924 711 ingressus
959 631 1051 692 tulus
1080 647 1098 692 a
1125 647 1229 712 poena
1265 631 1317 691 est

162 733 336 799 secundnm
366 733 452 816 quod
480 736 512 798 et
544 733 691 799 dominus
726 734 790 799 ait:
823 733 900 797 iam
933 751 1006 798 nos
1039 734 1177 798 mnndi
1210 734 1315 798 estis

160 844 329 924 propter
348 860 582 919 sermonem,
603 860 717 922 quern
736 842 905 905 locutus
922 858 1008 905 snm
1027 841 1157 907 nobis.
1174 840 1415 904 etarinizerrn

162 948 260 1011 haec
299 952 362 1011 est
399 950 534 1011 autem
571 947 660 1011 uita
697 949 874 1025 aeterna,
910 950 956 1011 ut
992 952 1245 1030 cognoscant
1277 955 1316 1011 te

134 1053 1316 1147 asolumuerumdeumatquemmisistiIesumChristum.

161 1160 239 1225 haec
258 1160 359 1243 igitur
378 1160 492 1225 ciuitas
511 1162 603 1225 uelut
622 1160 821 1243 metropolis,
841 1161 893 1225 oui
912 1160 1058 1225 adiacent
1077 1161 1158 1225 aliae
1177 1161 1317 1244 quinque

163 1266 310 1331 ciuitates
339 1266 534 1331 Leuitarum.
564 1265 703 1331 secunda
732 1270 781 1331 est
810 1267 925 1331 ciuitas
949 1267 1161 1332 consideratio
1190 1268 1317 1332 diuinae

163 1373 365 1455 operationis,
391 1393 453 1456 qua
477 1378 601 1439 creatus
622 1378 672 1439 est
689 1374 839 1439 mundus.
859 1376 955 1440 tertia
974 1374 1089 1439 ciuitas
1110 1379 1160 1439 est
1178 1378 1317 1440 contem-

161 1480 261 1561 platio
291 1482 460 1563 potestatis
489 1482 594 1565 regiae
624 1484 656 1545 et
679 1481 858 1547 maiestatis
882 1486 1038 1546 aeternae.
1065 1485 1178 1563 quarta
1201 1482 1317 1547 ciuitas

122 1588 397 1671 repropitiationis
428 1588 553 1653 diuinae
582 1590 759 1655 contuitus.
790 1589 902 1671 quinta
929 1590 1045 1654 ciuitas
1074 1588 1155 1672 legis
1190 1588 1317 1654 diuinae

163 1696 401 1778 contemplatio,
426 1716 506 1779 quae
530 1698 685 1779 praecipit
709 1696 786 1779 quid
808 1696 990 1761 faciendum
1009 1696 1062 1760 sit.
1083 1700 1172 1761 serta
1191 1715 1317 1778 quoque

164 1803 280 1867 ciuitas
303 1803 406 1885 portio
431 1804 523 1888 legis,
550 1822 629 1887 quae
654 1803 845 1886 praescribit
868 1803 944 1885 qnid
967 1822 1029 1867 non
1053 1802 1234 1867 faciendum
1263 1806 1315 1867 sit.

163 1913 281 1991 quanta
317 1909 510 1974 abundantia
548 1910 673 1975 diuinae
714 1910 962 1986 misericordiae,
1005 1913 1141 1991 quantae
1183 1909 1316 1974 diuitiae
1342 1911 1368 1965 B

163 2015 293 2098 pietatis
327 2016 405 2094 eius,
439 2020 476 2080 ut
509 2018 709 2101 singulorum
742 2016 850 2083 studia
878 2000 1132 2099 fragilitatesque
1160 2016 1317 2079 humanae

122 2123 359 2187 reconditionis
393 2123 607 2202 considerans,
642 2124 758 2207 quibus
794 2126 826 2189 et
858 2123 954 2188 inuiti
986 2140 1022 2186 ac
1054 2124 1249 2187 reluctantes
1278 2122 1318 2186 ad

166 2229 292 2311 culpam
327 2229 473 2295 ducimur
505 2234 537 2295 et
568 2250 628 2297 non
661 2231 843 2295 uoluntaria
880 2230 998 2295 delicta
1032 2229 1112 2293 uicti
1148 2228 1317 2293 inlecebris

165 2336 346 2418 frequentor
370 2337 611 2416 committimus,
637 2338 764 2402 diuersa
787 2338 879 2403 nobis
903 2337 1028 2421 refugia
1045 2339 1244 2421 proponeret,
1264 2355 1319 2400 sex

166 2442 319 2507 uidelicet
342 2443 479 2520 urbium,
504 2447 541 2508 ut
560 2464 621 2527 quo
641 2460 773 2509 numero
792 2445 932 2509 mundus
952 2446 1107 2509 formatus
1126 2447 1186 2524 esi,
1206 2443 1317 2507 eodem

167 2568 297 2613 numero
331 2549 485 2615 aduersus
518 2551 678 2615 mundana
710 2552 791 2615 uitia
818 2553 851 2615 et
878 2553 999 2616 saeculi
1027 2552 1124 2616 huius
1152 2550 1320 2633 naufragia

123 2682 149 2722 ao
166 2654 343 2719 remedium
366 2656 605 2740 prouidereturl

85 2756 122 2819 10
212 2762 353 2827 Primum
386 2762 486 2846 igitur
517 2764 704 2843 remedium,
738 2767 775 2828 ut
810 2765 835 2829 si
871 2766 923 2830 cui
954 2766 1030 2830 boni
1062 2764 1217 2849 propositi
1249 2764 1317 2828 uiro
1347 2774 1370 2830 C

167 2869 262 2951 culpa
287 2868 431 2953 inrepsit,
460 2870 488 2935 is
518 2870 586 2936 sine
618 2872 686 2937 nlla
719 2873 1048 2955 conperendinatione,
1084 2873 1112 2937 si
1144 2872 1317 2955 perfectam

167 2976 247 3040 uelit
279 2976 394 3041 habere
428 2977 645 3057 securitatem,
679 2978 718 3043 ad
749 2977 853 3061 ipsam
887 2997 992 3043 rerum
1031 2996 1137 3042 arcem
1175 2976 1318 3042 omniurn

256 3270 272 3322 2
291 3268 349 3323 Ich.
371 3270 413 3327 15.
433 3268 448 3321 3
504 3272 521 3324 4
541 3270 599 3327 loh.
620 3270 662 3333 17,
682 3271 698 3325 3

201 3448 217 3499 5
237 3444 280 3498 dm
301 3461 392 3499 uerum
418 3444 472 3497 VN
559 3447 574 3499 6
594 3444 661 3499 haec
681 3447 723 3499 est
741 3446 765 3501 21
874 3445 972 3499 ciuitas
992 3448 1034 3499 est
1057 3444 1084 3498 V
1101 3448 1154 3511 (est
1171 3462 1192 3501 e.
1212 3464 1238 3499 a.
1258 3452 1315 3512 2112)

203 3535 321 3604 quinque
342 3538 374 3599 (a
393 3537 441 3587 m2
457 3534 471 3587 l
490 3538 608 3603 quoque)
628 3534 655 3587 A
676 3550 782 3603 quoque
806 3533 862 3587 VN
878 3550 984 3603 queque
1007 3534 1032 3587 T
1090 3534 1107 3588 8
1127 3538 1169 3588 est
1187 3552 1239 3590 om.
1264 3536 1321 3589 VN

166 3625 183 3675 9
202 3623 347 3693 potestatis
366 3622 399 3677 N
415 3625 441 3693 (p
462 3640 495 3677 erc
514 3624 615 3677 c'corr.
630 3621 674 3691 ti)
694 3623 834 3677 Trinitas
853 3626 880 3677 A
900 3626 932 3691 (a.
951 3628 999 3678 m2
1016 3626 1174 3693 potestatis)
1195 3626 1318 3679 ciuitatis

166 3720 213 3766 cet.
271 3714 303 3767 13
322 3710 535 3781 misericordiae]
553 3713 675 3767 iustitiae
698 3714 739 3778 (in
757 3714 850 3781 spatio
864 3714 931 3767 orio.
948 3731 980 3767 m.
997 3714 1145 3782 ant.,sort.
1160 3715 1274 3779 inrue.)
1292 3717 1317 3766 A

167 3808 198 3867 (a
216 3804 265 3855 m2
282 3801 493 3866 misericordiae)
561 3802 593 3855 14
612 3801 827 3871 fragilitatisque
842 3805 867 3854 A
888 3802 912 3867 (l
931 3820 945 3855 e
963 3820 985 3857 e.
1003 3803 1014 3857 i
1033 3809 1093 3858 tert.
1111 3804 1170 3874 m2)
1186 3802 1216 3856 θ’
1234 3807 1316 3869 (ροντ’.

165 3896 222 3958 m2)
241 3892 269 3945 P
323 3892 355 3945 17
375 3894 539 3961 proponeret
558 3891 633 3947 Vae
649 3908 799 3961 proponere
813 3892 841 3943 A
861 3894 892 3958 (a.
912 3895 960 3945 nra
977 3892 991 3945 l
1007 3892 1198 3962 praeponeret)
1212 3891 1316 3945 Pc¹0¹¹

166 3986 191 4032 et
209 3991 254 4045 (aa
272 3983 464 4050 praeponeret)
488 3980 513 4033 Τ
530 3984 665 4050 proponat
682 3982 715 4041 tt‘
737 3984 795 4046 (m2
813 3998 847 4034 ere
866 3979 1025 4050 proponere)
1042 3982 1116 4037 2Ι”Ε
1210 3981 1243 4034 18
1261 3980 1317 4034 for·

165 4082 254 4123 matus
275 4074 307 4133 (a.
327 4068 370 4123 for
387 4074 435 4123 na2
452 4070 466 4123 l
484 4071 526 4134 fir)
544 4071 572 4124 A
627 4072 659 4125 21
681 4074 724 4124 est
741 4069 892 4123 remedium
910 4071 943 4125 tt
963 4074 1018 4135 (eat
1035 4086 1057 4123 a.
1075 4074 1115 4136 a.)
1139 4070 1163 4123 0
1180 4074 1234 4136 (est
1251 4089 1273 4125 e.
1287 4086 1315 4122 a.

165 4164 222 4221 m2)
241 4160 315 4217 tl¹¹E
386 4159 409 4212 ni
428 4159 470 4213 oui
489 4158 511 4213 0
528 4165 553 4213 et
573 4160 626 4225 (cui
646 4176 679 4213 ecc
698 4162 744 4213 cnt
757 4162 816 4224 m2)
834 4158 865 4212 O‘
883 4159 966 4213 sicuti
978 4159 1047 4213 1³0⁰
1066 4160 1089 4212 ei
1108 4158 1182 4215 tl⁰E
1197 4158 1268 4212 sicut
1282 4159 1315 4215 dl‘

167 4250 224 4311 (eut
242 4252 324 4315 erae.)
345 4253 392 4305 cet.
449 4249 483 4301 22
502 4248 642 4318 irrepserit
659 4248 734 4305 W‘E
804 4247 827 4300 is
842 4247 868 4299 Α
889 4247 943 4314 (hia
961 4264 995 4302 m.
1017 4252 1087 4313 ont.)
1103 4248 1129 4301 P
1147 4249 1198 4319 (ita
1215 4249 1274 4316 m2)
1292 4246 1319 4299 T

168 4336 201 4399 (is
220 4352 300 4399 erue,
319 4352 340 4390 a.
360 4336 410 4401 ita)
466 4336 500 4389 23
521 4336 640 4389 omnium
659 4351 746 4389 arcem
766 4333 884 4391 2Ι“0”Ε
