3100 4967
243 408 307 472 520
718 405 917 459 Ambrosii
998 435 1000 439 ,

197 598 354 665 diterum
391 601 423 664 in
460 600 510 665 his
548 601 734 666 uersabatur
771 600 896 678 officiis,
934 601 962 665 si
998 600 1075 683 quid
1111 601 1254 666 alimenti
1295 600 1385 675 leret,
1425 615 1496 667 eall

241 707 440 791 peregrinum
474 728 546 772 cum
580 728 642 790 quo
676 708 784 773 cibum
816 712 958 773 sumeret
985 727 1150 790 quaerens.
1178 708 1286 791 itaque
1314 726 1385 771 curn

240 814 346 878 lessus
371 833 388 877 a
411 815 593 898 sepulturae
616 814 805 879 reuertisset
831 834 971 894 munere,
1000 814 1156 898 adpositis
1185 814 1248 878 sibi
1277 812 1385 877 edendi

242 919 395 986 subsidiis
418 922 518 987 misso
543 922 607 987 filio
634 923 808 1005 quaerebat
830 923 1010 987 consortem
1034 922 1186 986 conuiuii.
1218 922 1293 985 dum
1319 940 1385 985 con·

241 1028 318 1092 nriua
346 1028 533 1107 aduersitur,
562 1029 717 1093 nuntiatis
745 1028 899 1112 insepulti
931 1029 1073 1112 corporis
1103 1028 1249 1111 reliquiis
1282 1025 1386 1091 conui-
1413 1051 1425 1090 n

242 1135 332 1200 nium
360 1134 526 1200 deserebat
553 1156 610 1200 nec
640 1137 774 1218 putabat
800 1136 900 1219 pium,
928 1140 966 1199 ut
994 1136 1064 1217 ipse
1097 1135 1204 1200 cibum
1236 1138 1384 1208 sumeret,

198 1240 217 1302 5
242 1260 313 1305 eum
338 1242 369 1305 in
394 1243 522 1327 publico
547 1262 662 1326 eorpus
686 1243 804 1307 iaceret
826 1242 1014 1307 exanimum.
1038 1242 1097 1307 boc
1120 1242 1169 1306 illi
1193 1241 1383 1307 cotidianum

242 1368 332 1432 opus,
363 1352 395 1415 et
427 1370 578 1434 magnum
611 1348 754 1433 quidem3
787 1370 859 1414 nam
893 1349 920 1413 si
952 1349 1098 1414 uiuentes
1130 1349 1252 1432 operire
1285 1347 1382 1413 nudos
1439 1363 1459 1415 Β

241 1456 290 1519 lar
323 1457 485 1539 praecipit,
519 1460 636 1539 quanto
670 1457 773 1540 magis
807 1457 959 1522 debemus
992 1456 1111 1538 operire
1144 1456 1323 1520 defunctos!
1356 1453 1384 1517 si

241 1565 366 1628 uiantes
404 1564 443 1629 ad
479 1564 703 1647 longinquiora
739 1563 894 1629 deducere
931 1566 1083 1637 solemus,
1127 1566 1244 1645 quanto
1283 1561 1425 1644 magiam

241 1669 272 1733 in
301 1669 390 1733 illam
421 1674 579 1735 aeternam
613 1669 744 1735 domum
776 1671 948 1753 profectos,
980 1669 1065 1734 unde
1096 1670 1160 1733 iam
1193 1688 1253 1735 non
1283 1687 1384 1733 reuer-

241 1778 369 1839 tentur?
395 1796 467 1861 ego
491 1777 596 1859 inquit
623 1777 679 1841 Iob
709 1796 829 1859 super
857 1795 1007 1841 omnem
1035 1776 1244 1840 infirmum
1270 1774 1383 1839 flaui.

242 1883 313 1965 quis
336 1882 489 1949 infirmior
513 1884 674 1960 defuneto,
698 1883 736 1947 de
761 1903 823 1965 qno
853 1883 931 1947 dicit
958 1883 1117 1965 scriptura
1144 1883 1233 1947 alibi:
1266 1900 1385 1964 supra

241 1992 443 2055 mortuum
462 1982 601 2073 plora?
620 1990 833 2055 Ecclesiastes
852 1989 1034 2055 autemait:
1055 1988 1385 2071 consapientium

241 2097 280 2161 in
304 2096 417 2162 domo
441 2097 593 2173 luctus,
618 2116 684 2163 cor
708 2100 840 2161 antem
864 2098 1087 2161 stultorum
1108 2097 1145 2161 in
1165 2094 1278 2161 domo
1298 2114 1425 2178 epu-n

241 2203 379 2269 larum.
413 2204 492 2268 nihil
524 2204 584 2269 boc
617 2204 720 2269 officio
755 2204 980 2286 praestantius,
1013 2203 1043 2267 ei
1075 2203 1214 2268 conferre
1244 2202 1300 2284 qui
1327 2201 1384 2265 tibi
1443 2214 1460 2269 C

240 2310 304 2373 iam
334 2330 394 2375 non
421 2312 526 2395 possit
552 2311 692 2387 neddere,
720 2310 881 2375 uindicare
909 2330 928 2374 a
954 2310 1151 2387 dolatilibus,
1180 2308 1343 2373 uindicare
1369 2328 1386 2371 a

241 2418 353 2483 bestiis
378 2422 557 2483 consortem
580 2424 721 2486 naturae.
754 2418 839 2483 lenae
862 2419 942 2482 hanc
969 2418 1199 2482 humanitatem
1227 2416 1386 2481 defunctis

242 2525 426 2605 corporibus
451 2525 605 2590 detulisse
628 2524 819 2609 produntur:
844 2524 987 2589 homines
1011 2524 1231 2607 denegabunt?

153 2634 217 2717 2,6
286 2631 362 2696 'lam
388 2635 498 2698 sancto
521 2632 625 2697 fessus
650 2632 754 2697 officio
779 2633 932 2715 propbeta
956 2632 1031 2695 dnm
1055 2631 1226 2713 requiescit
1248 2631 1281 2693 iu
1300 2629 1386 2694 eubi-
1402 2643 1463 2695 2⁰1>

242 2738 313 2803 culo
338 2757 406 2817 suo,
432 2738 556 2803 cadenti
581 2739 619 2803 de
642 2758 809 2822 passerum
832 2738 906 2803 nido
932 2738 1079 2821 albugine
1099 2737 1287 2801 caecitatem
1310 2735 1385 2801 inei-

242 2844 297 2910 dit.
320 2864 377 2909 nec
402 2850 596 2928 conquestus
619 2845 776 2931 ingemuit
799 2864 856 2910 nec
876 2845 969 2909 dixit:
995 2846 1082 2910 ‘haec
1100 2862 1223 2908 merces
1240 2843 1384 2909 laborum
1424 2855 1497 2911 etta

241 2953 416 3016 meoruml‘
438 2952 575 3017 fraudari
599 2971 632 3017 se
657 2952 758 3036 magis
784 2950 888 3017 doluit
911 2951 1135 3033 obsequiorum
1161 2969 1255 3031 quam
1279 2950 1386 3014 oculo-

332 3196 476 3258 1Tob.2‚
499 3196 566 3249 1-8
628 3196 878 3260 sueabraed
942 3196 1041 3249 12101)
1061 3197 1104 3259 30,
1123 3196 1158 3249 25
1219 3195 1253 3248 13
1271 3192 1322 3249 Sir.
1343 3195 1385 3256 22,

243 3286 272 3339 11
295 3286 351 3351 (10)
410 3286 443 3338 14
462 3285 533 3340 llccl.
554 3284 672 3354 7,4(5)
728 3286 763 3339 20
782 3285 848 3339 Το1).
867 3286 978 3347 atet
997 3286 1030 3339 10

279 3437 292 3489 1
312 3436 369 3489 hies
388 3436 411 3505 (s
427 3452 471 3504 pr.
490 3436 521 3489 in
539 3452 596 3489 ras.
616 3452 648 3489 ee
666 3436 684 3499 i,
703 3441 736 3489 ut
757 3436 877 3499 uidetur,
895 3436 944 3489 aed
962 3435 1025 3505 del.)
1044 3434 1070 3487 P
1120 3436 1138 3488 2
1157 3434 1306 3504 quaerebat
1322 3434 1386 3489 ΒΡ

243 3528 270 3578 et
299 3540 431 3593 quaerens
462 3526 485 3579 0
591 3528 607 3581 3
633 3542 649 3579 a
672 3525 827 3595 sepulturae
855 3524 943 3578 fessus
961 3524 1026 3578 DP⁴
1139 3524 1279 3594 sepultura
1308 3522 1388 3576 VBT

278 3615 460 3666 reuerteretur
477 3612 542 3667 DP‘
561 3632 683 3669 reuersus
703 3616 775 3668 esset
797 3613 821 3666 0
911 3612 1034 3681 munere]
1053 3611 1166 3666 meridie
1184 3612 1241 3666 BT
1334 3612 1388 3665 sibi

241 3718 293 3756 om.
312 3701 339 3753 B
402 3702 561 3756 lconuiuis
581 3702 710 3769 (corruiuii
729 3700 836 3773 rrr2lV
898 3702 1088 3756 tconuiuium
1108 3718 1159 3755 oon.
1178 3700 1242 3754 Dp
1303 3702 1387 3769 lpu-

242 3789 312 3860 plico
332 3789 360 3842 P
448 3792 568 3844 exanime
586 3791 705 3846 Demo
793 3791 890 3860 Spost
908 3808 977 3860 opus
997 3790 1062 3844 add.
1082 3794 1110 3843 et
1127 3806 1256 3858 magnum
1275 3804 1344 3858 opus
1363 3788 1389 3841 P

242 3878 259 3931 9
280 3882 381 3947 quanto
393 3920 397 3929 .
410 3920 416 3931 .
428 3922 433 3933 .
445 3879 562 3933 solemus
580 3880 660 3946 infru
677 3880 708 3932 in
726 3896 776 3949 my.
796 3882 844 3933 m2
867 3876 892 3931 V
968 3879 1095 3948 operibus
1114 3878 1154 3948 (re
1172 3894 1193 3931 a.
1212 3877 1264 3942 bus
1282 3880 1340 3940 m2)
1365 3877 1390 3927 l'

184 3994 187 4002 ·
278 3964 464 4021 delunctorum
484 3967 514 4022 D
533 3968 720 4021 defunctorum
739 3984 850 4037 corpora
868 3967 903 4021 P‘
959 3966 992 4021 10
1011 3968 1135 4036 longiora
1153 3966 1218 4021 DP‘
1275 3967 1305 4019 ll
1325 3983 1385 4036 per·

242 4055 328 4111 lectos
348 4056 375 4110 Β
429 4061 598 4112 reuertentur
616 4058 680 4112 ΒΡ*
729 4058 759 4109 12
780 4058 842 4127 ego]
863 4074 925 4111 ecce
943 4056 971 4110 B
1017 4057 1050 4111 13
1069 4056 1197 4110 defuncto
1218 4061 1246 4122 (n
1264 4072 1286 4111 a.
1304 4060 1344 4121 u.)
1365 4054 1389 4103 Γ

279 4146 411 4215 scriptura
429 4146 496 4199 dicit
514 4146 571 4198 BT
654 4162 735 4215 super
759 4146 808 4199 Vc*
876 4146 908 4200 18
928 4145 997 4217 ferro
1021 4146 1046 4198 V
1111 4146 1146 4199 20
1164 4148 1272 4199 sanctus
1293 4151 1317 4206 (s
1336 4144 1385 4197 all.

243 4235 353 4301 del.>1‘
425 4236 514 4289 cubile
535 4236 593 4301 (is.
615 4252 628 4288 e
648 4240 704 4300 rn2)
733 4235 753 4283 l'
815 4236 847 4289 21
869 4235 983 4289 cadente
1003 4233 1036 4289 de
1055 4233 1218 4289 stercorat*
1269 4234 1305 4287 22
1325 4250 1385 4287 oon·

243 4328 356 4396 questus
377 4324 597 4393 Poonquaestus
617 4328 644 4389 (a
663 4324 734 4393 emp.)
758 4323 784 4377 1⁷
