3100 4967
333 428 373 481 De
388 428 523 499 interpell.
534 428 583 483 Iob
599 432 627 483 et
636 429 726 484 Dauid
736 428 794 483 1111
803 429 853 497 (ll)
866 431 889 486 1.
899 430 926 493 2,
937 432 990 485 5.6
1013 428 1038 500 (1
1049 429 1227 485 6391)-640
1238 430 1284 496 ll).
1325 433 1388 497 271

244 623 350 689 stabat
372 620 550 705 intrepidus
575 638 632 685 nee
655 620 788 684 uulnere
810 620 1001 685 mouebatur
1027 640 1086 685 nee
1106 641 1227 690 ueneno
1246 622 1392 687 infunde·

243 729 346 795 batur.
374 728 458 793 unde
488 728 635 793 uidentes
666 746 739 791 eurn
768 747 828 792 non
857 730 1019 811 tamquam
1043 729 1183 795 hominis
1207 730 1392 797 condicione

243 836 398 921 genitum,
423 834 479 901 sed
502 838 668 917 tamquam
691 833 742 898 dei
767 833 870 919 gratia
887 834 1011 900 editum
1040 854 1137 919 supra
1154 835 1300 903 homines
1319 856 1390 901 esse

243 944 486 1009 arbitrabantur.
527 940 601 1005 uide
644 960 773 1005 sernum
815 940 942 1023 uiperae
985 941 1023 1005 de
1060 942 1191 1007 latebris
1228 948 1390 1009 eruentem

212 1050 398 1133 sspiritu
431 1047 582 1125 diuino,
612 1046 681 1129 qni
710 1050 797 1111 erat
824 1046 863 1110 in
891 1047 1059 1112 neribus
1088 1048 1169 1126 eius,
1199 1050 1284 1114 sieut
1312 1049 1489 1118 dixitesos

242 1156 309 1221 Iob.
329 1172 556 1221 conuersus
573 1152 680 1235 inquit
697 1152 850 1218 Paulus
868 1152 908 1217 in
927 1154 1084 1237 spiritu
1103 1155 1389 1239 etrespioiens

244 1282 329 1329 oum
362 1261 501 1327 dolore
535 1260 581 1324 ad
614 1260 833 1343 pythonem
870 1260 948 1325 ait:
986 1261 1196 1343 praecipio
1234 1262 1314 1327 tibi
1351 1264 1389 1326 in

242 1368 399 1434 nomine
429 1366 581 1433 domini
608 1366 703 1430 Iesu
728 1365 887 1433 Christi
911 1366 1107 1433 continuo
1132 1367 1242 1433 exire
1267 1368 1312 1433 ab
1337 1387 1388 1433 ea.

244 1480 282 1541 et
318 1474 450 1539 exiuit
487 1473 621 1538 eadem
659 1472 762 1537 hora.
800 1472 874 1537 uide
908 1492 1039 1538 seruum
1072 1473 1197 1557 qnando
1230 1474 1320 1539 uenit
1351 1474 1391 1538 ad

198 1606 224 1646 ιο
242 1582 437 1665 baptismum
460 1583 493 1645 et
516 1579 597 1643 seori
620 1579 718 1643 fontis
742 1579 873 1644 ablutus
891 1579 1017 1663 inriguo
1037 1581 1143 1645 omnia
1159 1580 1390 1664 persecutionis

242 1706 364 1753 nenena
390 1687 510 1752 reieeit.
539 1686 614 1750 uide
643 1704 773 1750 seruum
803 1686 968 1750 dominum
995 1687 1115 1764 lesum,
1143 1687 1269 1769 quando
1301 1688 1390 1752 uenit

243 1795 282 1859 ad
309 1796 482 1859 Iohannem
510 1792 691 1875 Baptistom
722 1794 755 1857 et
783 1792 901 1857 dicenti
929 1793 991 1857 sibi
1017 1792 1168 1858 Iohanni:
1197 1813 1269 1878 ego
1302 1812 1320 1858 a
1351 1798 1389 1859 te

243 1900 367 1966 debeo
396 1900 612 1982 baptizari,
642 1902 680 1963 et
709 1904 750 1964 tu
781 1900 898 1964 uenis
922 1900 967 1964 ad
991 1904 1070 1965 me?
1094 1900 1276 1983 respondit:
1301 1900 1388 1965 sine

241 2008 365 2073 modo.
395 2010 427 2073 et
454 2007 513 2071 hoe
543 2006 628 2071 dieto
657 2006 689 2069 in
714 2024 813 2089 eques
837 2006 975 2071 salntem
999 2006 1112 2071 sitiens
1136 2007 1297 2089 publicam
1319 2009 1388 2073 tote
1415 2023 1438 2077 B

197 2140 223 2179 n
243 2114 396 2179 auiditate
425 2111 600 2178 deseendit.
629 2112 685 2177 sed
711 2112 776 2177 iam
805 2112 884 2177 sotis
913 2113 1004 2178 nobie
1026 2114 1059 2177 in
1083 2112 1208 2178 exordio
1232 2115 1389 2179 tractatus

243 2222 328 2287 siout
354 2221 387 2284 in
415 2218 570 2302 principio
600 2218 671 2283 enni
698 2236 786 2284 more
809 2218 903 2303 uulgi
926 2238 1041 2285 ceruus
1064 2219 1194 2285 adlusit.
1219 2240 1389 2303 pergamus

242 2326 282 2391 ad
306 2330 419 2393 cetera.

124 2441 194 2525 2,6
285 2433 481 2515 Interpellat,
519 2435 555 2497 ut
592 2431 664 2505 diri,
702 2431 808 2497 Dauid
845 2432 954 2497 dicens
992 2432 1031 2497 ad
1063 2432 1245 2499 dominum:
1279 2433 1389 2498 sieut
1417 2451 1438 2506 c

241 2559 388 2605 ceruus
414 2538 627 2603 desiderat
649 2537 696 2602 ad
719 2537 856 2603 fontes
881 2558 1074 2621 equarum
1097 2539 1156 2605 ite
1179 2539 1391 2604 desiderat

198 2646 371 2715 eoanime
394 2665 479 2711 mea
502 2645 547 2710 ad
570 2648 620 2723 te,
645 2644 755 2711 deus.
780 2644 924 2710 sitiuit
948 2646 1080 2711 anima
1102 2665 1186 2710 mes
1209 2646 1388 2711 addeum
1416 2655 1440 2709 Ι)

239 2754 389 2817 uiuum.
414 2751 577 2834 quando
600 2751 760 2816 ueniam
786 2754 825 2816 et
846 2752 996 2835 perebo
1022 2756 1113 2817 ante
1132 2752 1281 2817 faeiem
1301 2751 1387 2818 dei?

239 2862 365 2924 aestuat
402 2861 531 2923 sanetus
569 2876 627 2922 nee
660 2876 730 2922 sese
765 2858 851 2942 oepit
883 2895 926 2905 —-
958 2859 1061 2924 maior
1093 2863 1142 2923 est
1174 2859 1257 2923 enim
1290 2858 1388 2924 animi

238 2965 472 3051 magnificentia
490 2983 585 3047 quarn
605 2964 780 3029 cuiuslibet
794 2966 933 3048 corporis
947 2966 1136 3051 magnitudo
1151 3003 1194 3013 -
1209 2969 1242 3031 et
1255 2984 1387 3031 securus

237 3072 342 3137 meriti
370 3072 408 3136 de
436 3070 529 3136 terris
559 3071 599 3135 ad
622 3071 776 3136 caelestia
800 3072 927 3138 euolare
951 3071 1121 3150 desiderat,
1147 3072 1232 3144 sient
1254 3075 1287 3137 et
1310 3072 1385 3137 olibi

327 3297 411 3355 eloe
430 3296 509 3365 27,3
578 3298 674 3353 eset.
695 3298 737 3360 16,
758 3298 792 3351 18
858 3298 994 3352 9Psslm.
1014 3296 1163 3351 XXXX12
1233 3298 1266 3351 12
1285 3297 1385 3351 Matth.

237 3386 261 3451 3,
283 3386 316 3439 14
334 3402 373 3455 sq.
467 3386 499 3440 16
519 3384 553 3439 ei.
573 3385 704 3454 Ducange
724 3384 814 3439 Glose.
832 3384 902 3439 mod.
924 3388 952 3439 et
970 3384 1018 3438 ini.
1038 3383 1086 3439 lat.
1106 3402 1127 3439 s.
1147 3402 1173 3439 u.
1194 3385 1303 3439 cemele
1321 3386 1352 3439 T.
1371 3385 1386 3439 Ι

236 3492 261 3545 p.
282 3474 333 3528 277
355 3474 408 3541 (ed.
426 3472 523 3542 Ferre)
581 3474 615 3529 18
633 3474 734 3527 Psalm.
753 3473 867 3528 XXXXI
886 3476 903 3528 2
922 3490 962 3543 sq.

274 3633 454 3703 lintrepitus
472 3633 500 3686 P
552 3632 724 3702 4uiperdB
778 3620 866 3687 ddne
884 3632 919 3687 ad
936 3632 982 3686 iob
997 3633 1025 3685 Β
1080 3632 1384 3709 iadpytonemsphy·

236 3724 327 3775 tonem
349 3720 381 3791 0)
400 3719 440 3775 ait
457 3720 511 3774 PG
528 3721 568 3775 ait
587 3720 620 3775 ed
639 3720 781 3791 phitonem
795 3720 824 3774 Β
842 3721 877 3775 ad
895 3722 1044 3791 phytonem
1059 3720 1124 3775 DP‘
1178 3722 1195 3775 8
1215 3720 1318 3775 domini
1332 3738 1383 3784 om.

235 3810 308 3876 nn,
327 3808 430 3864 oomni
449 3810 535 3863 noste
554 3810 582 3863 B
659 3794 821 3879 {pinse
900 3808 1384 3865 eaed.Paris.a.1569e0uoei

236 3902 251 3954 9
271 3899 425 3953 uenientem
439 3898 502 3969 (om.
518 3896 636 3969 quondo)
651 3898 679 3950 B
735 3898 767 3953 10
786 3898 877 3952 fontes
891 3898 919 3951 P
930 3896 1013 3951 fontis
1029 3896 1103 3950 unda
1115 3896 1180 3952 ΒΡ
1251 3897 1281 3951 in
1298 3914 1383 3967 regno

234 3986 299 4043 DP‘
355 3988 385 4041 11
408 3987 484 4041 uenit
496 3992 562 4057 post
580 3986 734 4055 Baptistam
753 3988 914 4055 transponit
931 3985 960 4040 D
1029 3987 1063 4040 12
1082 3984 1189 4040 dicente
1207 3986 1235 4040 P
1251 3988 1290 4057 (te
1309 4004 1343 4040 ex
1359 3987 1382 4041 ti

234 4076 336 4149 m2)0
406 4074 524 4130 iohanne
542 4075 570 4128 Β
626 4076 658 4128 13
678 4076 755 4128 uenis
773 4076 802 4129 P
819 4076 847 4146 (u
865 4094 886 4130 ε.
905 4080 944 4142 u.)
1002 4076 1036 4130 14
1055 4074 1140 4144 dieto]
1161 4078 1234 4128 moto
1254 4074 1284 4131 D
1301 4074 1381 4129 modo

235 4166 264 4232 (d
283 4182 316 4220 ete
334 4168 357 4231 t)
377 4165 411 4218 P‘
519 4164 656 4234 puplicam
675 4164 703 4217 P
794 4166 825 4219 17
854 4164 889 4219 ed
907 4164 936 4218 Β
961 4165 1004 4230 (in
1021 4163 1385 4233 mpm21DP⁴,om.PO

236 4254 269 4308 18
287 4254 403 4308 diximus
421 4252 486 4309 DP‘
576 4252 608 4306 21
630 4252 765 4323 apparebo
784 4253 847 4307 ΒΡ
936 4256 984 4306 ant
1002 4252 1098 4308 faeiem
1117 4253 1145 4306 P
1215 4253 1250 4307 22
1269 4253 1382 4306 animis·

236 4348 279 4409 (ne
298 4360 379 4409 eras,
399 4360 449 4398 om.
470 4348 512 4397 est
532 4344 613 4412 enim)
631 4343 659 4397 B
