3100 4967
266 449 332 512 450
743 444 943 498 Ambrosii

268 644 414 709 habetur.
443 662 525 725 aqua
554 643 723 707 decurrens
748 664 766 708 a
788 643 908 708 Libano
934 646 1042 708 cautes
1066 661 1181 727 rupeas
1206 642 1316 722 soluit,
1342 660 1416 724 quo-

267 751 361 817 modo
390 752 544 815 mollibus
573 752 688 834 putant
710 769 912 833 nequaquam
936 769 1048 815 nocere
1071 751 1251 815 uisceribus
1275 749 1415 814 uinolen·
1477 766 1494 819 B

200 864 242 927 65
266 863 372 924 torum
391 859 531 941 impetus
550 857 767 922 fluentorum?
788 858 942 922 elefantos
958 876 1083 941 quoque
1097 859 1204 922 ferunt
1217 856 1415 941 promoscide

269 966 392 1031 haurire
421 984 521 1048 aquae
548 964 733 1049 plurimum,
764 965 893 1029 eosdem
922 968 1029 1029 tamen
1058 964 1097 1029 ad
1126 964 1297 1029 sedandam
1331 962 1415 1027 sitim

269 1072 431 1137 moderato
455 1074 534 1155 potu
558 1091 628 1137 esse
653 1073 831 1150 contentos,
857 1072 912 1137 sed
937 1072 964 1135 si
987 1071 1067 1137 forte
1091 1072 1129 1137 ab
1150 1070 1256 1154 aliquo
1276 1089 1417 1154 caupone
1444 1092 1455 1130 a

269 1180 390 1244 fuerint
416 1179 562 1243 mercede
589 1177 738 1257 fraudati,
767 1178 969 1263 indignantes
997 1179 1116 1262 replere
1146 1196 1320 1243 concauam
1350 1196 1419 1259 pro-

269 1286 432 1364 moscidis‚
456 1305 517 1350 non
542 1290 578 1349 ut
602 1286 740 1362 ebibant,
766 1286 823 1349 sed
842 1285 1014 1363 effundant,
1034 1288 1130 1368 atque
1149 1284 1182 1347 in
1201 1283 1419 1349 momentariis

269 1390 530 1456 inundationibus
558 1392 694 1476 inligare
723 1392 792 1457 eius
820 1394 982 1457 tabernam
1013 1394 1050 1457 de
1080 1411 1142 1474 qao
1171 1410 1205 1456 se
1228 1392 1420 1473 putauerant

270 1497 488 1565 uindicandos.
527 1499 687 1564 siccantur
724 1499 763 1564 ad
800 1504 911 1583 potum
951 1498 1057 1564 subito
1094 1500 1183 1563 lacus
1223 1516 1259 1563 ac
1290 1502 1418 1579 repente
1479 1506 1494 1558 t

271 1605 457 1681 funduntur,
485 1608 595 1670 natant
622 1607 742 1671 omnia:
774 1608 825 1671 cui
853 1626 915 1671 non
944 1606 1060 1671 mirum
1089 1609 1155 1671 tam
1184 1606 1337 1671 immania
1369 1605 1419 1667 be·
1437 1633 1458 1669 a

270 1713 395 1777 luorum
420 1732 551 1796 corpora
573 1714 769 1797 superfluum
794 1714 838 1779 nil
861 1717 991 1778 tenere?

162 1824 217 1909 18,
229 1825 271 1888 66
319 1820 380 1885 Sed
408 1819 483 1903 quid
513 1821 551 1885 de
579 1821 658 1886 uiris
686 1820 865 1903 loquamur,
899 1820 1022 1903 quando
1052 1820 1147 1885 etiam
1171 1816 1317 1893 feminae,
1343 1836 1419 1899 quas
1476 1826 1493 1879 ll

273 1930 399 2010 oportet
426 1927 646 1992 sollicitiorem
676 1928 816 1992 castitati
847 1928 1030 1993 sobrietatis
1059 1927 1207 1991 adhibere
1231 1925 1419 2003 custodiam,

272 2053 372 2116 usque
405 2034 445 2097 ad
479 2034 665 2099 ebrietatem
697 2034 837 2099 bibunt?
871 2034 982 2099 deinde
1011 2036 1188 2119 surgentes,
1218 2051 1297 2116 quas
1326 2034 1420 2096 etiarn

271 2139 353 2204 intra
380 2143 501 2205 secreta
528 2141 641 2205 domus
671 2142 724 2205 uel
754 2142 856 2205 audiri
885 2142 924 2205 ab
953 2141 1063 2205 alienis
1092 2159 1153 2205 non
1187 2140 1338 2205 conuenit
1370 2140 1420 2203 uel
1440 2164 1459 2202 a

272 2247 384 2322 uideri,
407 2247 533 2329 prodire
555 2248 588 2312 in
610 2248 777 2330 publicum
801 2267 862 2314 non
886 2250 993 2313 uelato
1019 2247 1133 2330 capite,
1160 2247 1251 2311 uultu
1275 2246 1419 2329 procaci!

274 2356 438 2436 apostolus
463 2355 612 2419 mulieres
636 2358 741 2419 tacere
765 2356 861 2420 etiarn
885 2357 916 2419 in
941 2356 1077 2420 ecelesia
1099 2355 1200 2431 iubet,
1225 2353 1313 2419 dorni
1336 2353 1420 2417 uiros

274 2479 350 2523 suos
375 2462 529 2543 praecipit
551 2462 754 2546 interrogare.
779 2463 852 2527 illac
876 2462 908 2527 in
931 2462 1046 2546 plateis
1070 2460 1301 2527 inuerecundos
1327 2460 1419 2525 eliam

274 2566 352 2631 uiris
381 2567 441 2631 sub
471 2574 645 2653 conspectu
669 2569 984 2634 adulescentulorum
1007 2568 1287 2652 intemperantium
1312 2570 1420 2633 choros
1479 2576 1493 2626 li

275 2673 405 2749 ducunt,
433 2674 588 2740 iactantes
617 2694 751 2752 comam,
781 2676 942 2741 trahentes
969 2677 1106 2755 tunicas,
1131 2677 1251 2741 scissae
1275 2676 1420 2747 amiotus,
1436 2700 1458 2739 a

275 2780 377 2845 nudae
408 2780 556 2859 lacertos,
588 2782 776 2865 plaudentes
809 2783 967 2861 manibus,
1000 2784 1153 2848 saltantes
1181 2782 1327 2864 pedibus,
1356 2801 1420 2866 per-

367 3045 379 3097 1
401 3043 479 3098 Cant.
499 3045 524 3105 4,
545 3045 578 3097 15
648 3044 682 3098 12
700 3044 764 3098 Bas.
783 3046 836 3099 445
855 3043 900 3099 BC
921 3044 983 3113 (123
1004 3043 1095 3111 A-C)
1162 3046 1194 3098 17
1213 3044 1227 3097 1
1246 3042 1307 3099 Cor.
1330 3046 1370 3107 14,
1389 3046 1419 3097 34

314 3221 326 3272 1
347 3218 373 3287 a]
394 3218 429 3272 ad
450 3218 476 3272 G
556 3235 653 3288 rupeas
673 3219 701 3272 P
717 3224 742 3273 et
762 3224 842 3283 (corr.
863 3222 891 3273 ct
908 3224 1000 3289 rupes)
1019 3219 1049 3274 D
1067 3219 1116 3273 sub
1137 3236 1202 3289 rupe
1221 3219 1256 3272 Ρ
1275 3220 1377 3290 rumpit
1395 3224 1420 3272 et

276 3314 323 3362 cet.
379 3308 512 3377 2potant
532 3312 636 3375 (veo)
657 3308 684 3361 P
754 3324 925 3377 nequaquam
941 3307 1001 3361 GH
1018 3308 1342 3377 nequaquamnonPet
1360 3309 1420 3376 (nou

275 3400 346 3467 exp.)
367 3396 405 3447 H‘
425 3414 477 3449 non
496 3396 570 3450 Det
590 3399 666 3463 (onte
683 3400 783 3466 putant
801 3396 1010 3465 transpositum)
1026 3396 1060 3449 Ρ
1131 3396 1342 3462 uiolantulprum
1362 3398 1388 3467 (o
1401 3414 1420 3451 a.

275 3485 332 3551 ulo)
350 3485 379 3538 P
440 3484 656 3540 3elefantesG
736 3484 906 3555 promoscide
925 3485 952 3538 P
968 3484 1138 3555 promuscide
1157 3492 1204 3539 cet.
1267 3485 1421 3554 teosdeml

277 3590 322 3627 eos
340 3574 375 3627 Ρ
442 3576 458 3628 5
477 3574 656 3628 immoderato
678 3573 704 3629 G
776 3576 899 3645 potuisse
918 3575 946 3627 P
962 3574 1100 3644 potauisse
1118 3572 1200 3644 (corr.
1220 3578 1286 3645 potu
1307 3578 1376 3641 esee)
1395 3574 1423 3629 1)

313 3665 455 3715 contentus
474 3661 529 3716 PG
565 3664 582 3716 6
600 3665 704 3733 replere
723 3679 809 3732 rapae
828 3662 867 3717 ad
885 3679 944 3717 cum
965 3666 993 3716 et
1011 3666 1052 3730 (p.
1071 3665 1130 3715 452
1147 3678 1175 3716 u.
1190 3666 1237 3731 10)
1252 3680 1304 3718 one.
1320 3662 1360 3718 H.
1380 3678 1422 3717 aa·

277 3750 346 3804 cidit
362 3749 463 3817 foliam
548 3751 750 3821 promoschides
764 3751 819 3806 PG
838 3750 1020 3821 promoscidas
1034 3750 1063 3805 D
1082 3755 1106 3805 ei
1125 3751 1151 3820 (c
1170 3768 1203 3805 ex
1221 3756 1248 3816 a)
1262 3751 1297 3805 Ρ
1316 3768 1423 3821 promu-

277 3836 358 3891 scidis
379 3836 419 3890 11¹
469 3840 699 3892 imomentaneie
718 3839 783 3893 ΒΡ
837 3838 1084 3893 9uindioandoG
1141 3839 1174 3893 10
1191 3838 1317 3893 funditur
1335 3839 1365 3892 D
1382 3840 1424 3911 (ea

276 3925 461 3996 fundituntur)
480 3926 515 3980 Ρ
618 3928 757 3996 irmnania]
778 3928 806 3980 in
826 3927 879 3981 alia
901 3928 926 3981 G
1020 3927 1052 3981 13
1071 3930 1179 3997 oportet
1199 3930 1224 3992 (s
1243 3943 1276 3981 ea
1294 3928 1304 3980 i
1322 3930 1381 3993 m2)
1400 3926 1425 3979 P

313 4015 486 4070 solitudinem
507 4017 680 4085 castigatiG
767 4014 916 4070 costodiam
935 4016 963 4070 P
1035 4017 1067 4071 15
1085 4016 1158 4069 inter
1179 4014 1239 4069 GH
1319 4014 1423 4085 alicnis]

278 4106 317 4159 cis
335 4104 400 4159 ΒΡ
456 4106 488 4160 16
506 4107 624 4175 prodire]
645 4106 690 4159 uel
708 4106 816 4176 prodire
835 4104 900 4158 ΒΡ
971 4105 1107 4174 puplicum
1127 4104 1155 4157 P
1215 4104 1247 4159 18
1266 4104 1424 4159 inuerecun-

278 4194 319 4248 dis
340 4194 378 4246 H‘
451 4194 533 4248 etiam
552 4210 604 4250 om.
625 4194 651 4248 G
708 4195 740 4247 19
760 4196 905 4263 conspectu
925 4197 952 4259 (o
972 4210 1005 4247 aa
1024 4194 1094 4259 u)P
1164 4193 1424 4247 adulescentulorum
1537 4220 1538 4255 p

281 4284 307 4339 G
325 4283 583 4338 aduliscentulomm
601 4284 679 4337 Pml
697 4283 958 4338 adolescentulorum
978 4284 1061 4337 Pma
1074 4282 1145 4336 H‘D
1163 4282 1423 4337 adolescentularum

278 4372 313 4425 Ρ
385 4372 413 4423 in
432 4388 461 4425 se
480 4373 662 4441 spectantium
681 4373 722 4425 11¹
775 4374 808 4426 21
829 4372 960 4425 lacerrtos
979 4372 1006 4443 (a
1025 4372 1106 4439 crae.)
1124 4372 1152 4424 P
