3100 4967
258 439 365 505 XVIII
723 441 942 499 Praelatio.

260 632 402 699 Platonis
428 634 629 713 Conuiuium,
654 636 744 701 ouius
777 639 810 701 in
843 640 1007 721 opusculis
1032 640 1070 705 16
1093 641 1183 705 Isaac
1207 643 1240 705 et
1264 639 1302 704 de
1326 640 1411 703 bono

258 741 371 804 mortis
391 746 447 806 aut
464 742 561 806 tacite
581 746 636 807 aut
655 743 751 807 etiam
770 744 934 827 scriptoris
957 746 1083 811 nomina
1105 748 1229 829 prolato
1253 746 1411 811 rationem

259 847 382 925 babuit,
405 847 436 911 in
465 848 526 913 hoc
556 867 681 931 quoque
708 850 789 915 libro
819 851 895 929 203,
919 854 961 915 23
985 852 1094 937 attigit
1114 853 1170 931 ita,
1195 860 1233 917 61
1256 857 1411 917 craterem

258 955 291 1018 in
318 954 377 1019 hoc
407 954 532 1040 dialogo
561 960 844 1021 commemoratum
872 958 1040 1041 allegorice
1063 959 1333 1041 interpretaretur.
1359 960 1412 1024 de-

258 1060 354 1143 nique
386 1060 437 1125 bis
473 1062 547 1139 170,
582 1062 623 1125 25
655 1064 688 1127 61
716 1062 792 1140 201,
826 1066 845 1127 7
878 1064 1021 1129 16666116
1054 1084 1090 1129 er
1125 1066 1265 1149 Uergilio
1297 1066 1412 1147 petitis

259 1168 434 1234 orationem
467 1187 557 1232 suam
591 1169 763 1233 cremauit.
796 1170 998 1254 Augustinus
1031 1172 1133 1236 sexies
1165 1172 1255 1236 locos
1284 1190 1321 1235 ex
1350 1171 1412 1236 hoc

257 1276 369 1339 libello
394 1274 581 1355 desumptus
604 1274 759 1350 laudauit,
785 1281 895 1341 contra
918 1276 996 1341 duas
1020 1278 1113 1360 epist.
1132 1278 1243 1361 Pelag.
1267 1278 1333 1341 11Π
1360 1280 1413 1349 11,

258 1384 301 1447 30
325 1382 415 1465 (163,
443 1383 458 1445 1
485 1384 519 1445 61
543 1382 617 1460 175,
642 1380 710 1465 23),
735 1384 1056 1468 contralu1.Pelag.
1080 1385 1162 1461 118,
1183 1385 1225 1447 23
1251 1381 1413 1468 (1631),

258 1491 297 1555 16
327 1489 408 1554 1666
436 1506 594 1571 perseuer.
623 1490 654 1565 8,
678 1490 721 1552 20
750 1488 839 1573 (163,
867 1487 909 1574 1),
935 1491 987 1566 13,
1007 1492 1054 1554 33
1079 1491 1168 1573 (163.
1195 1489 1261 1575 14),
1289 1492 1343 1568 19,
1368 1491 1413 1553 48

274 1598 347 1670 163,
373 1596 415 1679 9).

256 1596 270 1682 (
303 1706 338 1767 ln
363 1699 561 1766 sermonibus
587 1699 641 1781 qui
666 1700 710 1763 de
739 1700 1083 1783 interpellatione
1110 1702 1181 1767 Iob
1211 1706 1251 1767 61
1274 1701 1414 1766 Dauid

256 1810 474 1875 inscribuntur
496 1825 547 1870 res
571 1806 780 1890 grauissimae
804 1813 879 1871 sunt
902 1810 1042 1891 capitum
1066 1810 1190 1891 aliquot
1208 1809 1283 1874 libri
1300 1808 1361 1873 Iob
1382 1812 1418 1873 ct

256 1916 453 1999 psalmorum
481 1912 679 1995 quorundam
703 1912 807 1977 Dauid
834 1914 1118 1997 interpretationes
1142 1916 1272 1998 qualem
1300 1917 1416 1979 autem

256 2024 460 2104 interpretem
481 2018 669 2083 Ambrosius
690 2037 724 2083 66
744 2020 880 2103 gesserit
897 2020 1036 2103 quidque
1054 2022 1085 2084 in
1106 2042 1142 2085 ea
1160 2039 1194 2085 re
1213 2020 1419 2103 praestiterit

256 2128 413 2211 inquirere
438 2146 498 2190 non
523 2144 630 2189 meum
655 2144 725 2189 esse
748 2131 837 2208 puto.
863 2146 942 2207 quae
966 2128 994 2192 si
1018 2128 1090 2208 quis
1114 2128 1241 2191 edoceri
1261 2126 1357 2205 uelit,
1379 2145 1418 2191 ea

257 2238 350 2301 adeat
374 2252 454 2318 quae
477 2232 611 2296 Kellner
632 2252 662 2314 p.
689 2231 751 2296 126
777 2251 845 2315 sqq.
870 2233 1057 2314 disputarit.
1087 2253 1123 2297 er
1145 2233 1281 2299 Philone
1308 2252 1419 2315 pauca

255 2348 382 2409 tanturn
406 2358 486 2422 quae
511 2338 549 2403 61
573 2338 736 2402 nominum
760 2338 825 2402 lere
844 2339 1082 2420 explicationem
1102 2339 1262 2421 pertinent
1282 2344 1420 2421 sumpta

256 2452 333 2515 sunt
365 2447 440 2522 258,
476 2445 533 2519 21;
568 2444 643 2519 276,
678 2450 708 2508 4.
743 2444 772 2509 6.
803 2444 833 2510 8.
866 2444 1002 2508 imitatio
1036 2444 1220 2528 Uergiliana
1258 2447 1420 2527 quattuor

155 2580 162 2594 ·
255 2556 337 2620 16616
366 2550 575 2634 conspicitur:
604 2551 680 2627 211,
710 2551 745 2623 6;
775 2550 851 2627 227,
880 2552 915 2624 2;
944 2552 1019 2627 247,
1049 2552 1083 2624 6;
1114 2552 1189 2627 295,
1220 2553 1274 2617 21.
1308 2552 1419 2615 rarius

255 2664 315 2727 bos
339 2676 500 2723 sermones
524 2654 629 2719 medio
651 2674 734 2720 6666
758 2654 859 2720 166166
883 2674 954 2721 6666
978 2657 1090 2740 exiguo
1119 2656 1174 2737 qui
1204 2656 1244 2721 ad
1267 2659 1419 2720 nostram

255 2764 442 2834 memoriam
483 2761 697 2845 peruenerunt
733 2759 879 2824 codicum
914 2779 1044 2825 numero
1082 2762 1273 2826 ostenditur.

301 2872 394 2953 Quod
404 2867 565 2934 Ambrosii
576 2866 607 2930 in
618 2868 756 2930 tractatu
768 2866 822 2947 qni
833 2866 876 2929 de
891 2866 1071 2950 apologia
1085 2868 1210 2932 Dauid
1224 2868 1424 2933 inscribitur

255 2980 426 3049 consilium
454 2974 550 3037 fuerit
571 2973 636 3036 iam
665 2973 734 3035 6166
758 2973 854 3036 111616
879 2973 956 3034 66116
981 2972 1166 3051 declaratur,
1192 2975 1314 3039 etenim
1339 2994 1421 3039 curn

254 3109 317 3155 non
342 3084 446 3150 solum
471 3079 608 3163 gentiles
633 3082 666 3142 et
688 3077 834 3151 ludaeos,
855 3076 911 3141 sed
934 3078 1029 3142 etiam
1054 3080 1211 3161 quosdam
1235 3099 1272 3143 ex
1292 3079 1422 3146 Christi

254 3191 434 3261 cultoribus
458 3184 579 3268 duplici
602 3184 658 3247 illo
677 3182 762 3265 quod
780 3182 885 3246 Dauid
908 3183 1079 3249 admiserat
1102 3184 1232 3262 delicto,
1252 3186 1422 3253 adulterio

254 3306 287 3367 et
310 3280 495 3370 homicidio,
520 3290 605 3354 haud
628 3290 744 3353 leniter
767 3288 883 3352 offendi
905 3288 1051 3364 uidisset,
1070 3290 1191 3355 talibus
1216 3293 1422 3360 criminatio-

253 3408 348 3473 nibus
378 3400 507 3465 obuiam
534 3397 579 3460 ire
608 3400 703 3478 atque
733 3393 931 3459 sermonibus
961 3394 1078 3459 habitis
1107 3414 1162 3460 eas
1192 3397 1317 3462 diluere
1342 3418 1424 3464 con·

253 3510 372 3581 stituit.
400 3523 464 3589 666
493 3522 564 3566 cum
594 3498 776 3565 1616661666
805 3498 901 3563 simul
927 3501 1044 3582 psalmi
1071 3503 1336 3587 quinquagesimi
1361 3507 1425 3587 qui

252 3614 451 3684 inscribitur:
480 3605 535 3677 El<
564 3608 598 3669 τὸ
621 3606 708 3677 τέλος
731 3600 852 3686 ψαλμὸς
877 3612 918 3685 τῷ
941 3602 1064 3677 Δαουίδ,
1089 3603 1119 3669 ὲν
1143 3616 1186 3689 rip
1211 3607 1314 3671 cloes
1339 3613 1425 3694 πρὸς

252 3718 344 3786 αὐτὸν
367 3713 480 3779 Νάθαν
504 3714 554 3774 τὸν
576 3712 742 3796 προφήτην,
766 3703 854 3791 ἡνίκα
877 3706 1002 3792 εἰσῆλθε
1025 3710 1100 3791 πρὸς
1122 3706 1298 3797 Βηρσαβεέ,
1318 3714 1424 3779 inter·

251 3825 463 3910 pretationem
493 3815 665 3883 coniunxit.
695 3812 780 3895 quod
808 3831 922 3875 munus
951 3818 1138 3895 susceptum
1167 3818 1332 3898 quomodo
1359 3820 1424 3885 im-

251 3930 390 4022 6166661
422 3946 459 3991 er
482 3924 528 3989 eis
553 3940 633 4005 quae
656 3920 789 3984 Kellner
811 3938 841 4000 p.
869 3920 928 3981 131
956 3938 1023 4002 sqq.
1049 3919 1171 3985 dehac
1200 3943 1233 3987 re
1259 3924 1426 3993 disseruit

252 4038 404 4121 colligere
428 4032 515 4096 licet.
539 4026 684 4093 Philonis
714 4024 874 4089 doctrinae
898 4026 1073 4108 uestigium
1098 4047 1162 4092 uno
1188 4032 1319 4095 tantum
1344 4033 1425 4099 loco

252 4146 329 4221 311,
353 4143 391 4204 15
417 4136 622 4219 conspicitur.
646 4131 753 4215 magni
775 4129 852 4194 facit
874 4129 958 4194 bunc
980 4131 1096 4195 librum
1117 4134 1342 4218 Augustinus,
1363 4140 1426 4223 qui

250 4249 355 4314 tribus
379 4244 460 4309 locis
485 4238 671 4314 6661661166,
692 4234 808 4318 quibus
831 4253 867 4299 ea
892 4253 971 4317 quae
996 4235 1115 4301 dixerat
1139 4239 1362 4324 confirmaret,
1385 4266 1425 4312 ex

250 4355 307 4421 illo
342 4350 478 4424 adtulit3
505 4346 544 4411 61.
579 4348 687 4409 contra
720 4340 799 4404 duas
832 4340 925 4422 cpiSt.
949 4341 1056 4427 Pelag.
1079 4342 1225 4424 111111,
1252 4352 1298 4413 29
1324 4351 1424 4436 (337,
