3100 4967
225 443 410 513 Deinterpell.
420 442 470 496 Iob
479 446 507 497 et
517 442 607 497 Dauid
617 442 660 496 III
672 443 750 514 (IIII)
760 445 785 497 4.
797 446 822 507 5,
834 445 939 498 10-12
962 446 1048 512 11665
1060 448 1173 502 1)-666
1183 447 1225 515 Ε).
1264 450 1329 512 255

180 640 353 721 prodiuit
377 640 486 721 quasi
511 658 550 703 er
575 638 686 721 adipe
710 639 899 722 iniquitas
925 659 1062 719 eorum,
1092 642 1331 707 transierunt

181 748 217 810 in
242 746 534 829 dispositionem
558 744 695 809 cordis.
720 744 758 808 ab
784 745 876 828 adipe
900 746 1024 829 adipale
1044 747 1128 810 enirn
1148 748 1274 826 dicitur,
1294 748 1328 812 id

180 856 229 918 est
251 854 379 937 pingue.
404 854 489 916 sicut
513 852 596 917 enim
620 851 724 915 anima
747 852 839 916 bonis
858 856 952 934 pasta
970 856 1002 917 et
1019 852 1135 917 aeserta
1152 853 1327 919 uirtutibus

179 964 340 1042 tamquam
371 959 479 1041 adipe
509 962 546 1023 et
573 957 807 1041 pinguedine
835 960 985 1042 repletur,
1013 963 1051 1024 ut
1079 961 1234 1043 scriptum
1267 966 1327 1039 est,

146 1066 225 1130 asic
258 1066 419 1148 iniquitas,
453 1084 532 1147 quae
566 1064 658 1145 quasi
691 1082 726 1127 ex
759 1064 851 1145 adipe
884 1064 1037 1146 procedit,
1069 1086 1131 1131 non
1158 1068 1265 1131 tenuis
1294 1071 1326 1131 et
1347 1076 1374 1129 B

180 1173 269 1237 exilis
302 1170 510 1256 significatur,
544 1171 600 1235 sed
628 1171 722 1253 plena
749 1171 912 1235 uitiorum.
942 1171 1078 1255 denique
1105 1192 1167 1238 non
1194 1174 1327 1238 fortuito

179 1280 317 1361 quodam
340 1278 433 1361 lapsu
456 1278 488 1341 in
513 1296 649 1342 errorem
665 1276 815 1356 incidere,
836 1278 892 1343 sed
912 1278 1046 1344 oonsilio
1066 1283 1099 1344 et
1117 1279 1327 1362 dispositione

177 1386 208 1449 in
235 1386 437 1469 sacrilegium
461 1383 663 1449 transierunt.

46 1500 129 1582 5,1·2
221 1495 438 1559 Posueruut
471 1492 506 1556 in
541 1493 685 1557 eaelum
720 1511 759 1556 os
799 1510 918 1568 suurn,
957 1495 994 1557 et
1029 1493 1162 1576 lingua
1199 1506 1373 1561 eorumc-

133 1623 160 1661 ιο
178 1600 364 1665 transiuit
387 1618 501 1682 super
524 1601 673 1664 terram.
697 1618 814 1680 ponere
838 1599 870 1662 in
895 1598 983 1663 caelo
1008 1618 1043 1664 os
1069 1619 1164 1665 suum
1188 1600 1264 1682 quid
1284 1602 1327 1665 sit

178 1708 271 1772 docet
302 1726 359 1771 nos
392 1706 446 1770 ille
480 1725 516 1770 ex
547 1706 698 1770 fratribus
732 1704 977 1783 adulescentior,
1011 1706 1065 1787 qni
1093 1725 1258 1790 regressus
1286 1708 1326 1772 ad

177 1817 299 1897 patrem
333 1812 428 1877 dixit:
462 1816 579 1896 pater,
612 1812 770 1894 peccaui
802 1812 838 1875 in
873 1810 1016 1875 caelum
1050 1815 1088 1876 et
1120 1832 1243 1878 coram
1281 1818 1325 1879 te.

176 1910 299 2004 ponunt
323 1920 430 1983 autem
453 1920 484 1983 in
509 1919 633 1983 caelum
659 1937 694 1983 os
720 1938 814 1981 suum
840 1918 894 1999 qui
918 1917 980 1982 sibi
1004 1919 1171 1983 criminum
1192 1921 1324 1985 auotori-
1344 1934 1372 1987 D

176 2031 261 2093 tates
294 2026 474 2091 natiuitatis
506 2028 623 2107 putant
655 2025 792 2107 quadam
825 2024 1016 2089 necessitate
1050 2025 1172 2090 deferri.
1206 2027 1238 2090 hi
1267 2046 1325 2092 nec

132 2157 158 2195 rs
178 2134 264 2200 caelo
293 2152 351 2198 nec
380 2133 472 2197 terris
500 2150 627 2215 parcere
657 2134 772 2208 solent,
802 2134 839 2193 ut
867 2150 961 2195 cursu
990 2133 1127 2213 quodam
1161 2134 1325 2197 stellarum

177 2242 368 2306 arbitrentur
395 2240 495 2303 uitam
524 2238 662 2304 hominis
688 2238 865 2321 gubernari.
890 2238 969 2301 nihil
992 2238 1220 2320 prouidentiae,
1244 2240 1325 2304 nihil

175 2348 266 2413 bonis
294 2347 436 2411 moribus
465 2346 698 2427 derelinquunt.
728 2348 823 2426 atque
853 2344 973 2409 utinam
1002 2348 1033 2409 et
1064 2345 1121 2410 isti
1153 2345 1237 2410 siout
1266 2348 1324 2411 ille

175 2474 258 2519 uuus
288 2454 326 2517 de
356 2453 480 2517 duobus
509 2451 770 2516 adulescentibus
799 2452 1026 2516 reuertissent:
1049 2452 1153 2517 bonus
1178 2453 1324 2518 dominns

176 2561 351 2626 remedium
380 2579 440 2624 non
468 2565 626 2642 negasset.
652 2560 684 2622 et
707 2560 812 2621 tamen
842 2558 967 2621 etiamsi
995 2559 1057 2641 ipsi
1084 2559 1187 2625 nolint
1210 2560 1323 2641 sanari,

131 2668 319 2732 aoreseruat
351 2666 497 2732 dominus
530 2664 737 2748 regressionis
774 2664 920 2747 gratiam,
957 2667 995 2728 ut
1031 2665 1085 2747 qui
1120 2666 1151 2729 in
1188 2666 1324 2730 Istrahel

176 2774 299 2857 expulsi
332 2777 408 2838 sunt
439 2792 495 2855 per
527 2772 630 2837 cordis
659 2770 778 2853 proprii
806 2771 992 2835 caecitatem
1015 2791 1071 2854 per
1093 2772 1323 2855 plenitudinem
1345 2781 1371 2835 E

177 2882 329 2946 ecclesiae
357 2882 559 2943 reuertentur
588 2882 620 2941 et
643 2898 703 2941 non
729 2896 850 2941 uacuos
875 2877 943 2941 dies
967 2878 1053 2942 uitae
1076 2878 1172 2942 istius
1196 2879 1322 2957 ducant,

177 2987 234 3051 sed
255 2990 368 3069 plenos
392 2986 529 3051 habeant
551 2985 652 3049 bonae
677 2966 868 3067 operationis
893 2986 925 3048 et
947 2982 1032 3061 fidei,
1057 3003 1129 3048 curn
1154 2984 1325 3066 repleuerit

176 3114 230 3160 eos
269 3093 416 3159 dominus
451 3092 554 3177 gratia
591 3090 735 3173 spiritali.
784 3092 943 3172 quomodo
981 3094 1088 3155 autem
1125 3095 1325 3156 reuertuntur

131 3226 157 3263 aa
177 3202 294 3284 accipe.
325 3200 412 3284 quia
440 3200 607 3264 caecitas
636 3199 740 3281 iuquit
763 3201 933 3280 exparte
956 3198 1122 3263 Istrahel
1146 3200 1321 3283 contigit,

266 3426 408 3480 lPsalrn.
428 3424 563 3477 LXXII?
653 3423 798 3481 4Psalm.
817 3422 928 3476 LXlld
1019 3422 1159 3479 8Paalm.
1185 3425 1324 3480 Lxxlle

177 3520 209 3571 12
228 3517 292 3571 Luc.
315 3518 356 3579 15,
378 3514 410 3568 18
465 3516 498 3568 25
517 3514 594 3567 Rom.
616 3513 656 3575 11,
676 3514 711 3566 25
731 3528 772 3581 sq.

212 3657 225 3709 l
247 3652 348 3725 prodiit
365 3652 457 3706 DP‘O
532 3652 548 3705 2
568 3651 675 3720 adipale
693 3651 794 3719 scripsi
811 3650 917 3719 adipsal
929 3650 989 3705 ’PG
1005 3650 1088 3722 adeps
1106 3652 1134 3705 B
1157 3658 1182 3706 et
1201 3654 1242 3721 (ire
1260 3655 1320 3722 qui·

175 3746 225 3799 hus
245 3750 329 3799 anteo
346 3744 468 3811 maltum
487 3748 526 3797 eat
546 3744 564 3795 5
577 3744 639 3809 sere
659 3742 722 3809 litt.)
740 3741 806 3795 DP‘
861 3740 889 3793 id
908 3744 950 3793 est
968 3757 1020 3794 om.
1040 3741 1104 3795 DP‘
1145 3742 1252 3797 taient
1270 3742 1322 3795 Bc

209 3835 334 3897 setP(s
355 3832 436 3901 eros.)
473 3832 620 3886 tfortuitu
634 3832 699 3885 DP‘
736 3830 886 3885 llabaoP
922 3832 955 3883 10
970 3830 1095 3887 trauain
1108 3832 1217 3885 terraB
1272 3848 1323 3901 po-

173 3941 236 3979 nere
255 3924 283 3977 P
300 3924 338 3993 (re
357 3939 378 3979 s.
397 3924 437 3989 u.)
512 3922 614 3976 caelum
635 3922 670 3982 Β,
690 3927 759 3975 recle
772 3926 853 3989 puto,
872 3920 907 3988 cs.
926 3936 953 3974 u.
968 3923 1005 3973 13
1064 3920 1098 3973 13
1117 3924 1208 3973 autern
1228 3921 1325 3975 omas

176 4014 209 4067 14
226 4012 381 4067 natiuitatis
404 4010 605 4065 Onatiuitates
624 4010 678 4063 PB
696 4009 834 4063 sanitates
853 4008 919 4061 DP‘
1027 4008 1072 4061 hic
1090 4014 1116 4072 (c
1135 4012 1217 4074 cras.)
1236 4009 1264 4061 P
1280 4008 1322 4061 hii

174 4102 266 4155 DP‘C
345 4101 406 4167 neo]
427 4099 536 4153 inDP‘
604 4101 635 4153 15
655 4098 804 4169 celoP(c
821 4114 843 4151 s.
862 4098 901 4165 u.)
980 4097 1319 4165 cursuPtualt.eaeo)

176 4191 207 4245 17
227 4191 346 4243 moribus
365 4189 444 4242 bonis
463 4188 490 4241 B
582 4186 755 4257 derelingunt
773 4187 801 4240 P
873 4186 906 4240 18
925 4186 1026 4240 reuersi
1047 4191 1137 4239 essent
1154 4186 1182 4238 B
1200 4189 1322 4239 reuerte-

173 4282 267 4333 rentur
284 4278 350 4332 DP‘
424 4278 456 4331 19
484 4278 567 4331 etiam
586 4276 639 4346 ipsi
658 4276 682 4329 si
699 4276 796 4329 nolunt
814 4275 878 4330 DP'
951 4276 986 4329 20
1014 4274 1128 4329 istrahel
1146 4274 1174 4327 P
1192 4285 1219 4341 [e
1238 4290 1259 4327 s.
1278 4279 1322 4341 u.)

174 4368 223 4421 isrl
242 4374 289 4421 cet.
346 4367 381 4420 24
400 4366 523 4421 dominus
543 4382 594 4420 om.
614 4364 679 4419 DP‘
734 4366 768 4419 25
787 4381 826 4433 sq.
845 4363 959 4417 istrahel
977 4364 1005 4417 P
1021 4364 1072 4417 isrl
1091 4370 1138 4417 cet.
