3100 4967
226 391 288 453 170
694 386 893 441 Ambrosii

222 584 378 664 properet,
404 582 459 647 ubi
483 582 615 646 uerbum
642 585 692 647 est
715 582 766 647 dei
785 582 818 646 in
839 583 896 649 illo
917 584 989 649 sinn
1006 585 1121 667 patrio,
1141 586 1174 649 id
1194 590 1244 651 est
1262 608 1373 655 arcano

221 707 258 751 ac
282 708 411 752 recessu
436 688 496 763 dei,
522 689 576 753 ubi
602 692 652 753 eet
674 690 746 755 fons
771 690 956 772 sapientiae,
981 691 1064 757 unde
1087 712 1143 775 pro
1168 697 1270 759 morte
1289 696 1375 761 uitae

219 798 367 861 aeternae
391 796 519 859 hauriet
542 798 654 878 potum
679 797 888 862 inmortalem.
914 798 1089 863 secundum
1114 806 1164 864 est
1186 802 1373 879 remedium,

222 905 258 966 ut
283 902 337 984 qui
360 921 422 965 non
445 904 554 983 potest
574 902 789 986 cognitionem
808 903 883 967 boni
902 903 992 968 iliius
1011 905 1186 987 praelibare
1206 910 1239 972 et
1257 908 1375 972 tardior

221 1010 275 1073 nel
311 1009 439 1093 ingenio
478 1012 528 1073 est
553 1001 617 1075 ⁴uel
655 1008 727 1074 fidei
765 1012 1044 1093 conprehensione,
1085 1014 1234 1095 quomam
1271 1015 1374 1080 ueloci
1405 1025 1464 1079 sD

222 1115 337 1180 mentis
366 1115 477 1200 uigore
507 1120 602 1197 atque
630 1116 749 1200 ingenii
780 1118 924 1182 acumine
954 1118 994 1183 ad
1022 1120 1216 1203 cognitionis
1249 1141 1374 1186 summa

220 1222 434 1299 contenditur,
459 1224 572 1287 saltem
599 1243 695 1307 opera
715 1224 835 1289 domini
854 1225 1034 1290 consideret
1052 1229 1147 1307 atque
1167 1228 1272 1292 erbis
1292 1248 1374 1311 quae

222 1329 307 1393 facte
339 1332 415 1394 sunt
445 1331 527 1394 tanti
558 1333 791 1415 contempletur
822 1332 927 1415 operis
960 1335 1133 1409 auctorem,
1162 1334 1311 1417 quoniam
1338 1354 1374 1399 ex

223 1435 273 1499 his
297 1436 399 1511 bonis,
425 1455 505 1518 quae
530 1440 605 1502 sunt
628 1438 658 1502 in
684 1439 912 1503 constitutione
935 1439 1031 1503 istius
1051 1442 1272 1504 creaturae-
1292 1440 1374 1504 bona

221 1543 307 1607 enim
339 1544 442 1623 ualde,
478 1545 563 1609 sicut
591 1544 738 1610 dominus
767 1545 855 1619 dixit,
884 1582 928 1591 -
955 1546 1074 1611 bonum
1102 1547 1183 1611 illud
1211 1566 1373 1611 summum
1394 1574 1419 1611 ιο

221 1654 318 1733 atque
339 1654 500 1715 aeternum
516 1653 792 1735 conprehenditur.
809 1654 863 1735 qui
878 1654 953 1718 ordo
968 1672 1084 1727 rerum,
1099 1672 1179 1735 quae
1195 1653 1372 1737 disciplina,

222 1777 304 1839 quae
337 1759 464 1841 gratia?
497 1778 598 1823 nonne
631 1758 681 1823 his
715 1760 862 1841 quamuis
895 1760 1021 1825 tardum
1050 1760 1213 1844 ingenium
1241 1760 1373 1845 diligere

221 1870 385 1929 auctorem
419 1883 513 1927 suum
545 1866 764 1945 prouocatur?
797 1865 916 1929 etenim
949 1866 977 1930 si
1009 1871 1167 1949 parentes,
1203 1868 1278 1949 quia
1315 1887 1373 1933 nos
1442 1886 1464 1939 Ε

223 1973 411 2053 genuerunt,
436 1989 591 2048 amamur,
612 1966 729 2054 qrianto
749 1973 855 2056 magis
875 1972 1007 2055 diligere
1026 1972 1178 2038 debemus
1198 1979 1372 2040 creatorem

222 2080 390 2158 parentum
418 2078 646 2159 auctoremque
674 2079 838 2143 nostrum!
868 2096 943 2161 ergo
972 2078 1150 2160 operatoria
1177 2080 1282 2144 uirtus
1310 2080 1372 2146 dei.
1393 2107 1419 2145 ιι

221 2182 286 2246 etsi
315 2202 377 2247 non
400 2182 538 2260 uidetur,
562 2186 669 2249 tamen
695 2202 730 2248 er
754 2184 822 2249 suis
847 2185 995 2266 operibus
1020 2186 1209 2251 aestimatur
1232 2191 1374 2269 operato·

222 2308 351 2371 remque
386 2308 480 2371 opera
512 2308 571 2355 suu
599 2290 747 2373 produnt,
776 2294 813 2355 ut
839 2291 1045 2376 intellegatur
1072 2293 1127 2373 qni
1155 2312 1215 2357 non
1245 2313 1372 2377 oonpre-

223 2394 380 2463 henditur.
401 2396 484 2461 unde
504 2400 536 2461 et
556 2397 703 2463 dominus
723 2398 788 2462 ait:
813 2397 848 2462 si
870 2398 970 2462 mibi
994 2418 1067 2463 non
1093 2400 1281 2475 creditis,
1306 2403 1372 2466 uel

223 2502 419 2585 operibus
444 2503 615 2568 credite.
639 2504 721 2569 bona
743 2504 844 2588 igitur
867 2506 963 2569 etiarn
987 2505 1065 2569 haee
1089 2505 1204 2572 ciuitas
1228 2508 1267 2571 ad
1291 2508 1373 2571 refu-

223 2610 323 2692 gium,
357 2628 437 2691 quae
467 2609 676 2675 aedificatoris
706 2611 756 2675 sui
783 2610 976 2675 testificatur
1003 2613 1137 2694 gratiam
1165 2616 1197 2676 et
1224 2613 1373 2679 affectum
1392 2642 1419 2680 so

220 2720 365 2780 nostrum
394 2716 520 2795 excitat,
550 2720 587 2779 ut
616 2718 684 2782 eius
713 2718 815 2783 simus
844 2717 1024 2800 cupidiores
1053 2720 1109 2800 qui
1136 2722 1257 2784 tantum
1281 2720 1372 2784 nobis
1443 2732 1465 2788 F

221 2822 359 2887 fabricae
382 2822 478 2887 huius
502 2824 650 2888 uideatur
669 2825 844 2890 contulisse
863 2825 1143 2907 pulchritudinem.
1163 2827 1277 2891 tertius
1298 2827 1373 2892 ordo

221 2932 274 2995 est
296 2930 412 3014 regalis
436 2930 605 3012 potestatis
631 2932 870 3014 contemplatio,
894 2936 932 2996 ut
951 2933 1146 2997 subiciantur
1164 2934 1242 3017 regi,
1263 2934 1292 2998 si
1310 2953 1372 2999 nou

224 3034 395 3100 deferimus
415 3039 578 3118 tamquam
597 3038 730 3119 parenti.
750 3042 839 3103 metu
859 3039 942 3103 onim
961 3038 1171 3121 praesidentis
1186 3041 1373 3123 plerumque

221 3140 260 3205 fit
280 3142 449 3206 oboediens
470 3143 623 3225 potestati
643 3145 697 3226 qui
716 3150 765 3208 est
785 3144 900 3209 salutis
918 3144 1075 3228 ingratus,
1096 3150 1132 3210 ut
1150 3146 1374 3211 necessitatem
1392 3175 1419 3213 so

222 3246 405 3313 sobrietatis
440 3253 592 3332 agnoscat
624 3251 678 3332 qui
711 3251 814 3315 noluit
842 3271 878 3316 ac
906 3243 1053 3334 nequiuit
1080 3253 1214 3336 gratiam
1243 3254 1373 3337 pietatis

312 3542 415 3595 9Gen.
454 3544 513 3604 ,31
574 3543 606 3597 18
626 3543 684 3597 Iob.
707 3545 747 3606 10,
768 3544 803 3598 38
859 3544 995 3615 25b'erg.
1016 3546 1198 3601 neodem

261 3769 272 3822 l
293 3774 456 3839 proponeret
469 3771 498 3824 A
516 3770 547 3837 (a.
567 3774 615 3823 m2
627 3770 641 3823 d
654 3776 792 3841 properet)
830 3778 847 3825 4
867 3772 1024 3841 cognitione
1038 3772 1065 3825 A
1081 3777 1106 3837 (e
1121 3789 1155 3826 ec
1174 3776 1198 3834 e)
1237 3774 1252 3826 7
1268 3775 1333 3827 sulti
1347 3778 1374 3827 A

222 3862 244 3922 (t
261 3875 293 3911 ero
308 3863 332 3923 e)
349 3859 440 3913 saltim
460 3859 602 3917 Vtrum
636 3861 652 3914 8
671 3862 871 3930 contempletur
889 3861 977 3930 operis
997 3862 1157 3931 eucto[re1n]
1172 3862 1205 3914 ιἰι
1217 3877 1273 3914 raa.
1287 3865 1334 3914 m2
1346 3863 1374 3915 A

225 3947 330 4015 dqnac
356 3948 406 4001 del.
431 3950 478 4002 m2
496 3952 530 4011 A,
554 3965 575 4002 a.
599 3965 626 4003 ιι.
651 3949 676 4003 Τ
766 3950 799 4003 10
822 3948 903 4007 ualde
927 3954 991 4004 suut
1008 3948 1042 4006 Ψ
1067 3952 1141 4017 (sunt
1162 3966 1184 4003 o.
1207 3954 1248 4014 ιι.)
1266 3950 1375 4005 91“ΕΡ’

259 4035 338 4088 illum
357 4036 385 4089 P
403 4042 482 4101 (corr.
503 4042 556 4103 mi)
576 4038 645 4098 AC‘.
666 4056 716 4092 aar.
739 4037 778 4091 0⁰
862 4040 894 4093 13
914 4042 1094 4108 producantur
1112 4038 1139 4089 P
1158 4044 1187 4102 (n
1205 4042 1277 4107 erp.)
1300 4038 1373 4092 θ’θ’*

260 4124 324 4193 quin
343 4124 370 4177 A
389 4127 436 4195 qui
454 4126 509 4183 ur
563 4129 595 4181 16
615 4127 781 4181 ιιὶιΙιιιιιτΑ
835 4130 871 4181 24
890 4126 1035 4181 deferimus
1054 4128 1183 4182 honorem
1200 4128 1226 4182 Τ
1295 4143 1373 4197 prae·

222 4212 344 4277 sidentes
363 4214 390 4267 A
411 4216 431 4281 (i
449 4232 471 4269 o.
492 4220 517 4281 e)
575 4217 608 4270 26
628 4216 787 4270 sobrietatis
805 4218 833 4269 A
853 4220 884 4283 (e.
903 4217 1054 4288 m21tas)
1077 4216 1102 4269 Τ
1120 4218 1154 4283 (ti
1170 4232 1193 4270 e.
1212 4219 1253 4282 ιι.)
1327 4216 1374 4284 qui

222 4300 250 4353 A
270 4302 473 4367 (sim2de)
494 4320 546 4374 que
567 4306 649 4371 (corr.
670 4305 727 4373 qui)
752 4304 778 4357 Τ
