3100 4967
224 426 252 491 X
688 423 908 477 Praefatio.

225 620 379 702 quaedam
407 617 545 684 latitudo
574 616 828 700 deprehenditur,
858 621 951 700 atque
984 617 1163 683 elocutione
1198 619 1374 684 differentia

225 747 351 811 quoque
380 727 519 809 adparet.
553 724 688 806 denique
717 726 803 787 recte
832 724 1084 790 obseruauerunt
1105 725 1244 790 Maurini
1267 728 1374 809 apolo-

225 835 295 919 giae
323 834 454 899 alterius
484 832 669 916 scriptorem
697 831 729 894 in
759 850 865 895 sacrae
893 832 1069 915 scripturae
1091 832 1170 897 locis
1194 832 1373 899 adferendis

224 959 459 1023 nonnumquam
493 959 528 1004 er
562 939 623 1003 alio
658 958 753 1019 qnam
786 957 848 1021 quo
876 938 1065 1004 Ambrosius
1098 940 1146 1004 uti
1174 940 1259 1005 solet
1285 939 1373 1006 fonte

224 1047 369 1112 hausisse
382 1046 415 1129 ¹).
441 1066 521 1129 quae
553 1064 624 1111 1111
656 1049 702 1110 ita
735 1045 810 1123 sint,
843 1046 919 1128 quin
948 1048 987 1111 ab
1015 1046 1183 1111 Ambrosio
1211 1047 1264 1112 hic
1292 1046 1373 1112 liber

225 1154 455 1219 abiudicandus
489 1153 533 1218 sit
560 1172 622 1219 non
649 1152 770 1229 dubito,
800 1151 857 1217 sed
884 1153 923 1217 ad
952 1172 1047 1236 quem
1075 1156 1236 1217 auctorem
1263 1153 1374 1218 redeat

225 1281 296 1326 cum
331 1260 444 1325 ceteris
474 1260 528 1344 qui
556 1259 593 1324 de
622 1260 681 1323 hac
709 1278 742 1324 ro
770 1260 1016 1343 disputauerunt
1041 1278 1093 1324 me
1115 1260 1238 1324 nescire
1260 1260 1372 1325 fateor.

223 1388 284 1433 non
310 1368 394 1452 fugit
417 1386 491 1432 sane
516 1366 683 1432 Gillotium
710 1366 952 1431 similitudinem
975 1366 1132 1448 quandam
1158 1366 1241 1433 inter
1267 1368 1374 1448 apolo-

223 1476 292 1560 giae
317 1475 448 1539 alterius
471 1473 659 1557 scriptorem
687 1476 720 1537 et
742 1494 816 1539 eum
839 1474 894 1556 qni
917 1492 1076 1538 sermones
1101 1473 1139 1537 de
1167 1472 1372 1538 sacramentis

221 1582 319 1665 uolgo
350 1580 519 1645 Ambrosio
558 1580 736 1663 adscriptos
774 1580 955 1662 composuit
991 1580 1184 1645 intercedere
1218 1599 1254 1645 eo
1287 1579 1373 1664 quod

222 1692 356 1771 uterque
387 1688 498 1753 eodem
525 1686 620 1753 modo
648 1687 686 1751 de
714 1686 897 1751 infirmitate
925 1687 1014 1751 uocis
1043 1706 1119 1752 suae
1143 1691 1293 1770 queratur
1315 1686 1371 1770 (cl.

224 1794 301 1861 376.
330 1796 349 1859 6
379 1793 428 1858 ‘de
455 1792 628 1877 fragilitate
656 1792 758 1857 uocis'
786 1796 819 1857 et
846 1791 884 1857 de
913 1811 990 1857 sacr.
1020 1794 1036 1857 Ι
1065 1794 1095 1868 6,
1120 1794 1162 1856 24
1186 1792 1372 1857 ‘seeundum

222 1902 429 1986 fragilitatem
460 1900 586 1985 uocis’).
621 1919 814 1982 quamquam
846 1900 1052 1964 uehementer·
1078 1900 1205 1979 errauit,
1234 1918 1307 1964 curn
1335 1919 1373 1964 ea

222 2028 254 2073 re
283 2007 460 2074 confirmari
487 2006 614 2089 putauit
642 2008 674 2070 11
697 2006 875 2090 apologiam
900 2006 1031 2069 alteram
1054 2008 1087 2070 et
1109 2025 1269 2071 sermones
1292 2007 1366 2071 illos

223 2114 262 2179 ad
285 2115 489 2179 Ambrosium
517 2113 697 2178 referendos
727 2131 807 2187 esse,
837 2113 890 2177 111
916 2113 948 2176 11
981 2112 1096 2177 111111
1129 2132 1223 2197 saepe
1253 2131 1367 2178 uocem

222 2222 390 2287 obtunsum
415 2239 485 2285 esse
508 2220 708 2303 Augustinus
732 2222 906 2284 testaretur
929 2219 1086 2304 (Confess.
1112 2219 1155 2282 Vl
1179 2222 1210 2297 3,
1230 2220 1275 2304 3).
1296 2236 1368 2282 nem

221 2330 305 2392 recte
339 2330 535 2410 negauerunt
561 2326 698 2391 Maurici
730 2326 763 2390 id
796 2327 896 2393 ullius
923 2326 1076 2392 momenti
1104 2345 1184 2404 esse,
1213 2326 1268 2407 qui
1296 2328 1369 2408 epte

222 2433 335 2497 Basilii
368 2433 406 2497 de
439 2434 527 2497 uocis
561 2452 636 2498 suae
668 2432 851 2498 infirmitate
883 2434 1043 2516 querentis
1075 2432 1173 2498 uerba
1205 2433 1304 2517 (hom.
1337 2430 1369 2493 in

222 2540 334 2621 psalm.
359 2540 424 2623 1)²)
449 2540 641 2604 adtulerunt.
666 2540 764 2605 simul
787 2560 825 2605 ea
846 2560 879 2605 re
902 2558 1101 2622 nequaquam
1119 2540 1152 2604 id
1172 2539 1256 2604 effici
1275 2538 1370 2621 adpa-

222 2648 280 2719 ret,
304 2648 341 2709 ut
364 2646 544 2729 apologiam
568 2647 699 2711 alteram
722 2650 754 2711 et
773 2648 965 2728 opusculum
984 2646 1023 2711 de
1041 2646 1248 2711 sacramentis
1266 2644 1369 2709 eidem

223 2752 345 2816 auctori
376 2752 514 2817 tribuere
546 2753 651 2817 liceat.
684 2772 784 2835 neque
815 2754 944 2819 maioris
975 2755 1128 2819 momenti
1155 2758 1205 2819 est
1232 2753 1370 2818 adeam

223 2878 289 2922 rem
326 2859 592 2942 comprobandam
627 2859 712 2941 quod
753 2860 785 2924 in
826 2864 961 2943 utroque
1002 2860 1112 2925 libello
1154 2860 1264 2925 eadem
1304 2860 1371 2923 fere

224 2965 360 3031 uerbosa
393 2966 566 3047 explicandi
594 2967 673 3030 ratio
698 2966 914 3050 molestaeque
937 2968 1140 3050 repetitiones
1164 2972 1198 3031 et
1220 2967 1369 3051 ambages

224 3072 302 3137 satis
330 3072 513 3155 frequentes
541 3073 757 3139 inueniuntur.
770 3073 797 3158 ³)
830 3073 886 3139 sed
914 3075 1019 3140 simile
1046 3074 1123 3157 quid
1147 3094 1222 3139 sane
1245 3074 1373 3154 utrique

224 3178 397 3261 contigisse
424 3178 561 3245 uidetur.
595 3180 710 3244 etenim
739 3180 769 3243 in
800 3180 997 3263 amplissimo
1021 3181 1077 3245 illo
1101 3199 1281 3246 sermonum
1305 3198 1372 3243 cor-

223 3302 309 3366 pore,
334 3284 418 3366 quod
442 3285 550 3349 111111
574 3304 599 3350 s.
620 3284 702 3351 Galli
731 3288 794 3352 188
818 3288 871 3369 qui
896 3290 946 3351 111
964 3286 1082 3351 saeculi
1100 3287 1161 3351 Vll
1180 3288 1371 3360 continetur,
1426 3296 1441 3325 ⁸

225 3390 416 3471 opusculum
445 3391 483 3457 de
512 3394 719 3459 sacramentis
746 3393 866 3477 legitur
891 3394 923 3457 in
952 3412 1113 3458 sermones
1138 3394 1198 3457 Vll
1222 3392 1372 3457 distribu-

225 3500 295 3560 turn
306 3494 336 3583 ⁴)
360 3498 418 3561 hac
440 3498 645 3581 inscriptione
670 3501 807 3564 sermoni
834 3500 936 3583 primo
964 3500 1101 3564 adiecta:
1129 3500 1248 3582 ‘incipit
1271 3499 1374 3582 prima

224 3603 293 3667 dies
316 3604 347 3667 in
371 3604 513 3687 pascha’:
549 3606 662 3670 ceteris
685 3606 857 3687 praefixum
882 3610 946 3670 est:
979 3606 1066 3670 ‘item
1089 3607 1274 3689 sequentia,
1299 3609 1372 3670 anto

272 3828 383 3898 ι11111
408 3829 558 3883 accuratius
582 3828 765 3883 demonstrare
790 3832 819 3883 et
840 3829 950 3899 longum
976 3834 1018 3883 est
1036 3846 1124 3899 neque
1142 3830 1222 3884 111111
1241 3830 1294 3885 1111
1313 3848 1373 3885 esse

227 3916 344 3971 uidetur.

270 4004 291 4070 2)
312 4006 395 4059 1227
419 4006 442 4059 B
467 4004 509 4059 διὰ
525 4006 573 4077 τὴν
594 4006 737 4077 cr'racpopou
757 4006 897 4059 ἁπθὲνειαν
915 4014 963 4078 τῆς
982 4015 1074 4079 φωνῆς
1091 4007 1163 4079 ἡμᾶς
1183 4007 1373 4080 indecentem.

272 4095 292 4161 ³)
313 4094 425 4149 1111111
446 4094 712 4166 1111111111.
733 4097 774 4151 ll.

272 4184 292 4253 ⁴)
311 4185 446 4239 sectiones
464 4184 537 4237 XXV
557 4188 584 4238 et
602 4184 690 4238 XXVI
705 4186 836 4239 sermonis
850 4186 889 4239 VI
903 4204 919 4241 a
933 4187 1030 4240 ceteris
1049 4188 1179 4256 peculiari
1197 4188 1292 4241 titulo:
1312 4187 1374 4241 ‘VII

225 4274 291 4325 itern
315 4274 465 4341 sequentia'
486 4273 630 4327 distinctae
654 4278 725 4341 sunt,
746 4275 819 4344 quod
843 4274 1003 4345 doxologice
1022 4276 1049 4329 in
1069 4277 1189 4330 sectione
1206 4275 1315 4329 xxrlrl
1333 4276 1374 4329 nl-

226 4362 292 4414 tima
311 4362 416 4431 positae
435 4361 588 4432 respondet.
