3100 4967
670 473 886 527 Praelatio.
1308 480 1355 543 ΠΙ

206 692 274 736 rum
299 670 499 735 luculentum
523 668 748 735 documentum
772 669 911 753 praebet.
935 674 1044 734 contra
1065 670 1097 735 iu
1122 673 1277 755 opusculo
1309 673 1354 737 de

205 780 302 863 fuga
344 776 503 842 saeculi
544 778 632 841 nulla
672 776 829 841 eiusmodi
867 777 1006 861 uestigia
1040 778 1250 861 reperiuntur,
1292 781 1353 845 nisi

207 886 286 951 sorte
310 886 473 969 epilogum
504 884 560 967 (ss.
586 884 628 947 52
653 882 735 969 sqq.)
757 884 803 948 ita
831 887 1048 967 comparatum
1076 904 1146 951 esse
1174 894 1356 969 censeant

207 1012 384 1058 sermonem
404 993 554 1059 redoleat.
579 992 635 1056 sed
658 990 685 1055 si
709 990 855 1055 libellum
875 989 913 1054 de
932 991 1014 1055 bono
1033 993 1147 1057 mortis
1164 992 1239 1058 buic
1263 995 1355 1077 plane

208 1100 346 1163 similem
380 1098 562 1175 contuleris,
592 1116 684 1179 quern
714 1096 753 1160 ad
781 1114 942 1162 sermones
969 1096 1071 1162 redire
1099 1101 1167 1163 arta
1196 1118 1257 1181 qua
1281 1120 1353 1166 cum

205 1206 285 1270 libro
320 1205 358 1269 de
385 1206 475 1271 Isaac
508 1203 695 1269 coniunctus
724 1205 774 1268 est
800 1202 1033 1269 necessitudine
1061 1204 1240 1284 edocemur,
1273 1226 1353 1290 quae

207 1312 301 1377 huius
337 1312 484 1395 opusculi
517 1310 692 1394 antiquitus
720 1310 822 1375 forma
849 1309 947 1374 fuerit
973 1314 1058 1376 certe
1086 1331 1147 1376 non
1180 1312 1352 1381 dubitabis.

207 1420 292 1503 quod
314 1419 454 1502 proxime
479 1419 624 1502 sequitur
647 1436 738 1501 opus,
762 1418 790 1481 si
814 1417 969 1482 editiones
992 1418 1133 1500 inspicis,
1152 1418 1184 1483 in
1204 1422 1355 1501 quattuor

207 1528 304 1592 libros
329 1526 470 1590 diuisum
493 1526 591 1591 babes
616 1544 733 1608 eosque
757 1526 918 1589 communi
944 1525 1041 1591 titulo
1073 1526 1129 1591 ‘de
1161 1526 1351 1610 interpel-

207 1634 362 1698 latione
394 1634 464 1698 lob
498 1636 536 1697 et
563 1632 703 1697 Dauid’
731 1612 921 1697 instructos.
945 1631 1002 1697 sed
1025 1634 1119 1717 longe
1143 1634 1205 1698 alia
1229 1638 1279 1699 est
1300 1654 1352 1700 res

206 1742 237 1805 in
280 1740 455 1805 codicibus
498 1738 614 1803 etenim
652 1742 803 1822 quattuor
838 1738 870 1803 in
907 1739 953 1803 eis
994 1739 1078 1805 inter
1118 1760 1153 1805 se
1194 1742 1353 1825 excipiunt

206 1850 362 1913 orationes
387 1866 487 1929 neque
510 1846 649 1911 numeris
673 1846 870 1930 significatae
892 1865 995 1929 neque
1018 1866 1080 1911 uno
1099 1846 1194 1913 titulo
1214 1868 1353 1930 compre-

207 1956 333 2031 bensae,
372 1955 428 2019 sed
461 1973 550 2019 suam
585 1970 728 2037 quaeque
760 1953 999 2035 inscriptionem
1030 1973 1105 2037 prae
1137 1974 1172 2020 se
1202 1956 1351 2021 ferentes.

206 2063 288 2127 unde
316 2062 380 2126 iarn
409 2064 534 2125 constat
561 2060 704 2143 singulos
729 2078 889 2123 sermones
913 2058 1004 2125 nobis
1026 2059 1161 2125 traditos
1184 2080 1254 2125 esse
1278 2081 1352 2127 uon-

207 2169 279 2232 dum
311 2168 344 2232 in
376 2186 474 2232 unum
508 2186 622 2251 corpus
654 2165 811 2231 redactos.
844 2169 939 2249 atque
967 2166 999 2231 in
1028 2166 1153 2233 duobus
1180 2168 1351 2233 sollemnes

204 2273 277 2340 illae
304 2274 497 2359 precationis
525 2272 689 2351 tonnulae,
719 2272 835 2354 quibus
864 2272 1022 2337 eiusmodi
1045 2274 1201 2339 orationes
1226 2273 1351 2339 conclu-

204 2382 367 2460 debantur,
401 2382 581 2446 etiamnunc
613 2381 757 2443 seruatae
790 2380 875 2455 sunt,
907 2378 938 2442 in
977 2378 1090 2442 ceteris
1128 2378 1257 2445 recisae.
1295 2380 1351 2444 sed

203 2490 267 2553 iam
291 2508 328 2554 ea
353 2488 452 2554 oritur
475 2486 617 2569 quaestio
643 2486 771 2568 quinam
795 2483 869 2549 ordo
894 2484 1007 2549 borum
1030 2504 1211 2549 sermonum
1236 2486 1350 2551 consti-

204 2597 342 2662 tuendus
372 2596 424 2675 sit,
452 2613 524 2659 cum
553 2593 667 2676 duplex
690 2592 721 2657 in
752 2592 915 2657 codicibus
943 2592 1060 2656 nostris
1088 2592 1277 2657 inueniatur.
1306 2597 1351 2657 et·

203 2704 286 2768 enim
309 2702 486 2768 Duacensis
516 2702 579 2765 227
609 2703 641 2765 et
662 2700 843 2765 Parisiacus
872 2699 992 2777 14464,
1016 2696 1195 2763 duodecimi
1217 2702 1350 2781 uterque

202 2810 334 2889 saeculi,
368 2828 502 2893 quorum
535 2827 610 2873 sane
641 2807 727 2872 haud
755 2824 872 2889 magna
898 2804 977 2869 fides
1006 2808 1065 2883 est,
1095 2823 1166 2869 eum
1196 2823 1289 2886 quern
1317 2806 1348 2869 in

204 2920 262 2983 hac
278 2916 416 2982 editione
435 2918 565 2981 secutus
586 2932 657 2979 sum
679 2913 820 2979 ordinem
839 2912 996 2989 exhibent,
1016 2914 1126 2976 contra
1142 2912 1175 2975 in
1188 2911 1349 2975 Parisiaco

205 3026 289 3089 1732
324 3023 444 3088 saeculi
476 3022 562 3097 Vlll,
597 3020 688 3086 cuius
722 3020 858 3084 maxima
895 3019 1068 3084 auctoritas
1105 3020 1163 3093 est,
1202 3020 1351 3100 quattuor

201 3150 365 3197 sermones
392 3132 438 3195 ita
470 3128 644 3212 dispositos
676 3126 786 3205 babes,
819 3129 856 3191 ut
887 3126 942 3209 qui
974 3126 1006 3189 in
1037 3125 1102 3189 illis
1136 3127 1246 3206 quarto
1278 3124 1349 3189 loco

202 3239 379 3303 collocatus
413 3239 462 3302 est
494 3237 629 3300 alterum
661 3234 766 3299 locum
801 3236 944 3317 occupet.
981 3232 1012 3296 in
1045 3230 1256 3307 Amerbachii‚
1294 3233 1349 3313 qui

199 3346 311 3410 codice
344 3342 502 3409 Duacensi
535 3342 699 3407 simillimo
732 3360 811 3405 usus
850 3343 909 3419 est,
949 3338 1086 3403 editione
1122 3340 1188 3401 tres
1224 3339 1348 3402 tantum

203 3456 312 3533 quarto
342 3452 460 3515 omisso
488 3450 648 3534 leguntur.
682 3448 844 3525 Erasmus,
869 3446 923 3529 qui
945 3446 1067 3529 primus
1091 3448 1240 3527 quartum
1262 3442 1348 3507 addi-

199 3560 258 3638 dit,
292 3559 348 3625 sed
380 3578 441 3623 non
474 3576 547 3621 cum
581 3556 694 3621 ceteris
728 3555 943 3634 coniunctum,
972 3572 1044 3617 cum
1072 3551 1105 3615 in
1134 3570 1170 3615 eo
1194 3550 1348 3631 quaedam

201 3686 280 3749 quae
320 3666 358 3731 ab
393 3662 551 3730 Ambrosii
586 3662 709 3727 dicendi
743 3680 857 3746 genere
889 3660 1070 3725 recederent
1105 3656 1349 3740 deprehendisse

199 3774 263 3838 sibi
290 3774 381 3837 uisus
411 3774 505 3849 esset,
531 3770 733 3853 suppositum
759 3786 832 3833 eum
856 3770 951 3850 atque
975 3766 1013 3830 ab
1038 3765 1148 3830 eodem
1172 3764 1227 3846 qui
1249 3763 1347 3829 libros

200 3880 239 3944 de
261 3880 428 3945 uocatione
453 3877 595 3963 gentium
619 3874 808 3958 conscripsit
830 3872 957 3937 homine
982 3871 1160 3935 coniectum
1185 3888 1255 3933 esse
1280 3888 1348 3935 cen-

200 3987 275 4051 suit.
300 3985 385 4069 quod
404 3987 617 4049 commentum
638 4000 700 4046 non
723 3980 805 4045 tanti
828 4000 898 4045 esse
922 3979 1050 4043 uidetur
1072 3980 1163 4041 uteo
1182 3975 1347 4041 refutando

194 4096 325 4177 tempus
354 4093 535 4176 perdamus.
567 4092 630 4155 iarn
658 4092 696 4153 ut
723 4088 762 4153 ad
787 4086 1004 4171 quaestionem
1027 4084 1222 4166 propositam
1244 4101 1348 4146 reuer-

195 4204 312 4279 tamur,
347 4200 464 4283 quibus
500 4197 675 4263 rationibus
713 4199 751 4261 ut
786 4194 925 4260 ordinem
962 4190 1159 4277 Duacens11)
1195 4188 1347 4253 traditum

246 4409 266 4479 ¹)
284 4410 436 4464 Parisiacus
456 4408 525 4463 enim
548 4409 633 4463 14464
654 4424 684 4461 er
703 4407 762 4475 ipso
782 4405 919 4459 Duaceuai
939 4402 1077 4457 deriuatua
1097 4415 1155 4454 esse
1174 4398 1291 4451 uidetur.

1240 4503 1273 4557 b*
