<?xml version="1.0" encoding="UTF-8"?>
<!DOCTYPE html PUBLIC "-//W3C//DTD XHTML 1.0 Transitional//EN"
    "http://www.w3.org/TR/xhtml1/DTD/xhtml1-transitional.dtd">
<html xmlns="http://www.w3.org/1999/xhtml" xml:lang="en" lang="en">
 <head>
  <title>
</title>
<meta http-equiv="Content-Type" content="text/html;charset=utf-8" />
  <meta name='ocr-system' content='tesseract 3.04.00' />
  <meta name='ocr-capabilities' content='ocr_page ocr_carea ocr_par ocr_line ocrx_word'/>
</head>
<body>
  <div class='ocr_page' id='page_1' title='image "./corpusscriptoru13wiengoog/corpusscriptoru13wiengoog_0418.png"; bbox 0 0 3100 4967; ppageno 0'>
   <div class='ocr_carea' id='block_1_1' title="bbox 200 355 879 424">
    <p class='ocr_par' dir='ltr' id='par_1_1' title="bbox 200 355 879 424">
     <span class='ocr_line' id='line_1_1' title="bbox 200 355 879 424; baseline 0.006 -17"><span class='ocrx_word' id='word_1_1' title='bbox 200 357 264 420; x_wconf 89' lang='grc'>360</span> <span class='ocrx_word' id='word_1_2' title='bbox 659 355 879 424; x_wconf 81' lang='lat' dir='ltr'><strong>[Ambrosii]</strong></span> 
     </span>
    </p>
   </div>
   <div class='ocr_carea' id='block_1_2' title="bbox 158 550 1493 3405">
    <p class='ocr_par' dir='ltr' id='par_1_2' title="bbox 199 550 1389 1170">
     <span class='ocr_line' id='line_1_2' title="bbox 199 550 1344 635; baseline -0.003 -18"><span class='ocrx_word' id='word_1_3' title='bbox 199 552 306 617; x_wconf 89' lang='lat' dir='ltr'>Dauid</span> <span class='ocrx_word' id='word_1_4' title='bbox 333 550 405 627; x_wconf 84' lang='lat' dir='ltr'>luit,</span> <span class='ocrx_word' id='word_1_5' title='bbox 435 555 472 615; x_wconf 87' lang='lat' dir='ltr'>ut</span> <span class='ocrx_word' id='word_1_6' title='bbox 494 551 563 633; x_wconf 87' lang='lat' dir='ltr'>ipse</span> <span class='ocrx_word' id='word_1_7' title='bbox 588 570 683 615; x_wconf 92' lang='lat' dir='ltr'><strong>suum</strong></span> <span class='ocrx_word' id='word_1_8' title='bbox 708 555 850 616; x_wconf 77' lang='lat' dir='ltr'>cantaret</span> <span class='ocrx_word' id='word_1_9' title='bbox 873 551 1088 635; x_wconf 82' lang='lat' dir='ltr'><strong>obprobrium,</strong></span> <span class='ocrx_word' id='word_1_10' title='bbox 1112 551 1246 616; x_wconf 79' lang='lat' dir='ltr'><strong>maxime</strong></span> <span class='ocrx_word' id='word_1_11' title='bbox 1272 570 1344 616; x_wconf 92' lang='lat' dir='ltr'>cum</span> 
     </span>
     <span class='ocr_line' id='line_1_3' title="bbox 200 657 1344 742; baseline -0.003 -18"><span class='ocrx_word' id='word_1_12' title='bbox 200 660 269 742; x_wconf 89' lang='lat' dir='ltr'>ipse</span> <span class='ocrx_word' id='word_1_13' title='bbox 296 660 328 724; x_wconf 91' lang='lat' dir='ltr'>in</span> <span class='ocrx_word' id='word_1_14' title='bbox 356 659 418 723; x_wconf 90' lang='lat' dir='ltr'>alio</span> <span class='ocrx_word' id='word_1_15' title='bbox 447 675 583 741; x_wconf 88' lang='lat' dir='ltr'>quoque,</span> <span class='ocrx_word' id='word_1_16' title='bbox 608 659 663 740; x_wconf 89' lang='lat' dir='ltr'>qui</span> <span class='ocrx_word' id='word_1_17' title='bbox 686 659 780 724; x_wconf 90' lang='lat' dir='ltr'>hodie</span> <span class='ocrx_word' id='word_1_18' title='bbox 806 659 958 723; x_wconf 90' lang='lat' dir='ltr'>decursus</span> <span class='ocrx_word' id='word_1_19' title='bbox 983 662 1043 737; x_wconf 85' lang='lat' dir='ltr'>est,</span> <span class='ocrx_word' id='word_1_20' title='bbox 1067 658 1189 742; x_wconf 91' lang='lat' dir='ltr'>psalmo</span> <span class='ocrx_word' id='word_1_21' title='bbox 1214 657 1344 722; x_wconf 83' lang='lat' dir='ltr'><strong>dixerit:</strong></span> 
     </span>
     <span class='ocr_line' id='line_1_4' title="bbox 201 765 1345 849; baseline -0.003 -17"><span class='ocrx_word' id='word_1_22' title='bbox 201 785 413 849; x_wconf 89' lang='lat' dir='ltr'>usquequo</span> <span class='ocrx_word' id='word_1_23' title='bbox 450 769 708 848; x_wconf 79' lang='lat' dir='ltr'>peccatores,</span> <span class='ocrx_word' id='word_1_24' title='bbox 747 765 923 841; x_wconf 83' lang='lat' dir='ltr'>domine,</span> <span class='ocrx_word' id='word_1_25' title='bbox 961 784 1176 847; x_wconf 90' lang='lat' dir='ltr'>usquequo</span> <span class='ocrx_word' id='word_1_26' title='bbox 1210 783 1345 847; x_wconf 88' lang='lat' dir='ltr'>pecca·</span> 
     </span>
     <span class='ocr_line' id='line_1_5' title="bbox 202 871 1344 956; baseline -0.002 -19"><span class='ocrx_word' id='word_1_27' title='bbox 202 876 312 937; x_wconf 88' lang='lat' dir='ltr'>tores</span> <span class='ocrx_word' id='word_1_28' title='bbox 345 872 662 956; x_wconf 82' lang='lat' dir='ltr'>gloriabuntur?</span> <span class='ocrx_word' id='word_1_29' title='bbox 696 873 776 937; x_wconf 92' lang='lat' dir='ltr'>alios</span> <span class='ocrx_word' id='word_1_30' title='bbox 806 873 844 937; x_wconf 91' lang='lat' dir='ltr'>de</span> <span class='ocrx_word' id='word_1_31' title='bbox 873 877 1002 954; x_wconf 86' lang='lat' dir='ltr'>peccato</span> <span class='ocrx_word' id='word_1_32' title='bbox 1032 871 1160 956; x_wconf 87' lang='lat' dir='ltr'>gloriari</span> <span class='ocrx_word' id='word_1_33' title='bbox 1187 871 1344 954; x_wconf 84' lang='lat' dir='ltr'>prohibet,</span> 
     </span>
     <span class='ocr_line' id='line_1_6' title="bbox 202 977 1389 1064; baseline -0.002 -19"><span class='ocrx_word' id='word_1_34' title='bbox 202 981 325 1064; x_wconf 87' lang='lat' dir='ltr'>etipse</span> <span class='ocrx_word' id='word_1_35' title='bbox 350 979 447 1052; x_wconf 88' lang='lat' dir='ltr'>etiam</span> <span class='ocrx_word' id='word_1_36' title='bbox 470 982 591 1044; x_wconf 87' lang='lat' dir='ltr'>sacrato</span> <span class='ocrx_word' id='word_1_37' title='bbox 617 979 754 1044; x_wconf 90' lang='lat' dir='ltr'>carmine</span> <span class='ocrx_word' id='word_1_38' title='bbox 779 979 958 1064; x_wconf 83' lang='lat' dir='ltr'>gloriatur?</span> <span class='ocrx_word' id='word_1_39' title='bbox 983 979 1141 1063; x_wconf 91' lang='lat' dir='ltr'>quomodo</span> <span class='ocrx_word' id='word_1_40' title='bbox 1165 977 1266 1062; x_wconf 88' lang='lat' dir='ltr'>igitur</span> <span class='ocrx_word' id='word_1_41' title='bbox 1283 979 1347 1042; x_wconf 87' lang='lat' dir='ltr'>ista</span> <span class='ocrx_word' id='word_1_42' title='bbox 1376 1001 1389 1043; x_wconf 80' lang='lat' dir='ltr'>a</span> 
     </span>
     <span class='ocr_line' id='line_1_7' title="bbox 202 1086 458 1170; baseline -0.012 -18"><span class='ocrx_word' id='word_1_43' title='bbox 202 1086 458 1170; x_wconf 78' lang='lat' dir='ltr'><strong>distinguimus?</strong></span> 
     </span>
    </p>

    <p class='ocr_par' dir='ltr' id='par_1_3' title="bbox 158 1191 1493 2981">
     <span class='ocr_line' id='line_1_8' title="bbox 158 1191 1348 1276; baseline -0.002 -18"><span class='ocrx_word' id='word_1_44' title='bbox 158 1196 178 1258; x_wconf 91' lang='lat'><strong>3</strong></span> <span class='ocrx_word' id='word_1_45' title='bbox 245 1195 324 1258; x_wconf 84' lang='lat' dir='ltr'>Esto</span> <span class='ocrx_word' id='word_1_46' title='bbox 365 1195 481 1275; x_wconf 85' lang='lat' dir='ltr'>tamen,</span> <span class='ocrx_word' id='word_1_47' title='bbox 523 1193 628 1257; x_wconf 92' lang='lat' dir='ltr'>Dauid</span> <span class='ocrx_word' id='word_1_48' title='bbox 673 1193 853 1276; x_wconf 82' lang='lat' dir='ltr'>petulanter</span> <span class='ocrx_word' id='word_1_49' title='bbox 899 1193 1067 1258; x_wconf 87' lang='lat' dir='ltr'>errauerit:</span> <span class='ocrx_word' id='word_1_50' title='bbox 1114 1191 1270 1275; x_wconf 89' lang='lat' dir='ltr'>numquid</span> <span class='ocrx_word' id='word_1_51' title='bbox 1316 1195 1348 1256; x_wconf 88' lang='lat' dir='ltr'>ct</span> 
     </span>
     <span class='ocr_line' id='line_1_9' title="bbox 203 1299 1346 1384; baseline -0.002 -18"><span class='ocrx_word' id='word_1_52' title='bbox 203 1301 350 1366; x_wconf 84' lang='lat' dir='ltr'>Christus</span> <span class='ocrx_word' id='word_1_53' title='bbox 387 1300 515 1377; x_wconf 89' lang='lat' dir='ltr'>errauit,</span> <span class='ocrx_word' id='word_1_54' title='bbox 552 1304 590 1365; x_wconf 94' lang='lat' dir='ltr'>ut</span> <span class='ocrx_word' id='word_1_55' title='bbox 625 1303 776 1384; x_wconf 88' lang='lat' dir='ltr'>putemus</span> <span class='ocrx_word' id='word_1_56' title='bbox 815 1320 888 1365; x_wconf 90' lang='lat' dir='ltr'>eum</span> <span class='ocrx_word' id='word_1_57' title='bbox 928 1319 991 1366; x_wconf 93' lang='lat' dir='ltr'>uon</span> <span class='ocrx_word' id='word_1_58' title='bbox 1032 1302 1156 1364; x_wconf 86' lang='lat' dir='ltr'>rectum</span> <span class='ocrx_word' id='word_1_59' title='bbox 1196 1299 1346 1364; x_wconf 88' lang='lat' dir='ltr'>habuisse</span> 
     </span>
     <span class='ocr_line' id='line_1_10' title="bbox 202 1403 1348 1488; baseline -0.002 -18"><span class='ocrx_word' id='word_1_60' title='bbox 202 1406 383 1470; x_wconf 81' lang='lat' dir='ltr'>iudicium?</span> <span class='ocrx_word' id='word_1_61' title='bbox 410 1405 492 1469; x_wconf 86' lang='lat' dir='ltr'>bene</span> <span class='ocrx_word' id='word_1_62' title='bbox 520 1424 595 1488; x_wconf 88' lang='lat' dir='ltr'>ergo</span> <span class='ocrx_word' id='word_1_63' title='bbox 625 1404 716 1487; x_wconf 89' lang='lat' dir='ltr'><strong>quasi</strong></span> <span class='ocrx_word' id='word_1_64' title='bbox 745 1403 785 1470; x_wconf 90' lang='lat' dir='ltr'>ad</span> <span class='ocrx_word' id='word_1_65' title='bbox 814 1425 868 1469; x_wconf 87' lang='lat' dir='ltr'>eos</span> <span class='ocrx_word' id='word_1_66' title='bbox 897 1405 1001 1470; x_wconf 90' lang='lat' dir='ltr'>Dauid</span> <span class='ocrx_word' id='word_1_67' title='bbox 1028 1404 1123 1469; x_wconf 90' lang='lat' dir='ltr'>hodie</span> <span class='ocrx_word' id='word_1_68' title='bbox 1146 1405 1348 1487; x_wconf 83' lang='lat' dir='ltr'>prophetarit</span> 
     </span>
     <span class='ocr_line' id='line_1_11' title="bbox 204 1511 1493 1595; baseline -0.001 -19"><span class='ocrx_word' id='word_1_69' title='bbox 204 1513 331 1578; x_wconf 88' lang='lat' dir='ltr'>dicens:</span> <span class='ocrx_word' id='word_1_70' title='bbox 359 1511 602 1594; x_wconf 85' lang='lat' dir='ltr'>intellegite</span> <span class='ocrx_word' id='word_1_71' title='bbox 629 1511 882 1595; x_wconf 83' lang='lat' dir='ltr'>insipientes</span> <span class='ocrx_word' id='word_1_72' title='bbox 909 1515 948 1576; x_wconf 87' lang='lat' dir='ltr'>et</span> <span class='ocrx_word' id='word_1_73' title='bbox 972 1511 1096 1576; x_wconf 83' lang='lat' dir='ltr'>stulti</span> <span class='ocrx_word' id='word_1_74' title='bbox 1125 1511 1343 1594; x_wconf 88' lang='lat' dir='ltr'>aliquando</span> <span class='ocrx_word' id='word_1_75' title='bbox 1365 1521 1493 1576; x_wconf 69' lang='lat' dir='ltr'>torosa</span> 
     </span>
     <span class='ocr_line' id='line_1_12' title="bbox 204 1617 1347 1702; baseline -0.001 -19"><span class='ocrx_word' id='word_1_76' title='bbox 204 1619 349 1701; x_wconf 88' lang='lat' dir='ltr'>sapite.</span> <span class='ocrx_word' id='word_1_77' title='bbox 378 1618 535 1701; x_wconf 89' lang='lat' dir='ltr'>quomodo</span> <span class='ocrx_word' id='word_1_78' title='bbox 564 1618 648 1682; x_wconf 92' lang='lat' dir='ltr'>enim</span> <span class='ocrx_word' id='word_1_79' title='bbox 677 1617 824 1684; x_wconf 84' lang='lat' dir='ltr'>Christus</span> <span class='ocrx_word' id='word_1_80' title='bbox 853 1619 959 1702; x_wconf 84' lang='lat' dir='ltr'>potuit</span> <span class='ocrx_word' id='word_1_81' title='bbox 988 1619 1272 1684; x_wconf 69' lang='lat' dir='ltr'>caracallarum</span> <span class='ocrx_word' id='word_1_82' title='bbox 1297 1621 1347 1683; x_wconf 85' lang='lat' dir='ltr'>ost</span> 
     </span>
     <span class='ocr_line' id='line_1_13' title="bbox 186 1725 1346 1808; baseline 0 -19"><span class='ocrx_word' id='word_1_83' title='bbox 186 1731 242 1790; x_wconf 83' lang='lat' dir='ltr'>‘ut</span> <span class='ocrx_word' id='word_1_84' title='bbox 269 1726 329 1791; x_wconf 90' lang='lat' dir='ltr'>hoc</span> <span class='ocrx_word' id='word_1_85' title='bbox 356 1725 388 1787; x_wconf 94' lang='lat' dir='ltr'>in</span> <span class='ocrx_word' id='word_1_86' title='bbox 418 1744 530 1790; x_wconf 86' lang='lat' dir='ltr'>sensus</span> <span class='ocrx_word' id='word_1_87' title='bbox 559 1728 683 1789; x_wconf 89' lang='lat' dir='ltr'>nostros</span> <span class='ocrx_word' id='word_1_88' title='bbox 717 1725 838 1792; x_wconf 89' lang='lat' dir='ltr'>ueniat.</span> <span class='ocrx_word' id='word_1_89' title='bbox 873 1725 939 1806; x_wconf 89' lang='lat' dir='ltr'>qni</span> <span class='ocrx_word' id='word_1_90' title='bbox 972 1725 1184 1808; x_wconf 83' lang='lat' dir='ltr'>plantauit</span> <span class='ocrx_word' id='word_1_91' title='bbox 1215 1744 1346 1789; x_wconf 86' lang='lat' dir='ltr'>aurem</span> 
     </span>
     <span class='ocr_line' id='line_1_14' title="bbox 204 1831 1348 1914; baseline -0.002 -18"><span class='ocrx_word' id='word_1_92' title='bbox 204 1851 279 1897; x_wconf 93' lang='lat' dir='ltr'>non</span> <span class='ocrx_word' id='word_1_93' title='bbox 309 1831 424 1897; x_wconf 86' lang='lat' dir='ltr'>audit</span> <span class='ocrx_word' id='word_1_94' title='bbox 453 1834 521 1896; x_wconf 91' lang='lat' dir='ltr'>aut</span> <span class='ocrx_word' id='word_1_95' title='bbox 549 1831 617 1914; x_wconf 91' lang='lat' dir='ltr'>qui</span> <span class='ocrx_word' id='word_1_96' title='bbox 644 1831 768 1895; x_wconf 83' lang='lat' dir='ltr'>finxit</span> <span class='ocrx_word' id='word_1_97' title='bbox 797 1833 956 1895; x_wconf 91' lang='lat' dir='ltr'>oculum</span> <span class='ocrx_word' id='word_1_98' title='bbox 988 1849 1062 1896; x_wconf 92' lang='lat' dir='ltr'>non</span> <span class='ocrx_word' id='word_1_99' title='bbox 1086 1831 1348 1897; x_wconf 80' lang='lat' dir='ltr'>considerate</span> 
     </span>
     <span class='ocr_line' id='line_1_15' title="bbox 205 1936 1347 2023; baseline -0.001 -20"><span class='ocrx_word' id='word_1_100' title='bbox 205 1940 273 2020; x_wconf 90' lang='lat' dir='ltr'>qui</span> <span class='ocrx_word' id='word_1_101' title='bbox 292 1937 469 2021; x_wconf 90' lang='lat' dir='ltr'>corripit</span> <span class='ocrx_word' id='word_1_102' title='bbox 487 1941 631 2023; x_wconf 82' lang='lat' dir='ltr'>gentes</span> <span class='ocrx_word' id='word_1_103' title='bbox 650 1957 724 2002; x_wconf 94' lang='lat' dir='ltr'>non</span> <span class='ocrx_word' id='word_1_104' title='bbox 745 1942 907 2022; x_wconf 87' lang='lat' dir='ltr'>arguet,</span> <span class='ocrx_word' id='word_1_105' title='bbox 928 1936 995 2020; x_wconf 90' lang='lat' dir='ltr'>qni</span> <span class='ocrx_word' id='word_1_106' title='bbox 1016 1937 1347 2003; x_wconf 89' lang='lat' dir='ltr'>docethominem</span> 
     </span>
     <span class='ocr_line' id='line_1_16' title="bbox 206 2044 1395 2129; baseline 0.001 -19"><span class='ocrx_word' id='word_1_107' title='bbox 206 2044 446 2110; x_wconf 80' lang='lat' dir='ltr'>scientiam?</span> <span class='ocrx_word' id='word_1_108' title='bbox 481 2044 628 2111; x_wconf 80' lang='lat' dir='ltr'>Christus</span> <span class='ocrx_word' id='word_1_109' title='bbox 661 2063 737 2128; x_wconf 87' lang='lat' dir='ltr'>engo</span> <span class='ocrx_word' id='word_1_110' title='bbox 770 2045 965 2129; x_wconf 86' lang='lat' dir='ltr'>interrogare</span> <span class='ocrx_word' id='word_1_111' title='bbox 997 2046 1125 2128; x_wconf 90' lang='lat' dir='ltr'>culpam</span> <span class='ocrx_word' id='word_1_112' title='bbox 1158 2050 1190 2109; x_wconf 86' lang='lat' dir='ltr'>et</span> <span class='ocrx_word' id='word_1_113' title='bbox 1222 2063 1395 2111; x_wconf 76' lang='lat' dir='ltr'>accusa-1⁵</span> 
     </span>
     <span class='ocr_line' id='line_1_17' title="bbox 205 2151 1349 2234; baseline -0.002 -17"><span class='ocrx_word' id='word_1_114' title='bbox 205 2153 324 2217; x_wconf 88' lang='lat' dir='ltr'>tionem</span> <span class='ocrx_word' id='word_1_115' title='bbox 356 2152 475 2216; x_wconf 91' lang='lat' dir='ltr'>iustam</span> <span class='ocrx_word' id='word_1_116' title='bbox 508 2152 617 2216; x_wconf 91' lang='lat' dir='ltr'>audire</span> <span class='ocrx_word' id='word_1_117' title='bbox 648 2151 803 2216; x_wconf 82' lang='lat' dir='ltr'>nescius?</span> <span class='ocrx_word' id='word_1_118' title='bbox 833 2151 978 2216; x_wconf 81' lang='lat' dir='ltr'>Christus</span> <span class='ocrx_word' id='word_1_119' title='bbox 1006 2151 1215 2234; x_wconf 88' lang='lat' dir='ltr'>petulantiam</span> <span class='ocrx_word' id='word_1_120' title='bbox 1243 2153 1349 2233; x_wconf 88' lang='lat' dir='ltr'>potuit</span> 
     </span>
     <span class='ocr_line' id='line_1_18' title="bbox 206 2257 1349 2342; baseline -0.003 -19"><span class='ocrx_word' id='word_1_121' title='bbox 206 2260 403 2341; x_wconf 77' lang='lat' dir='ltr'>adprobare?</span> <span class='ocrx_word' id='word_1_122' title='bbox 424 2259 581 2335; x_wconf 81' lang='lat' dir='ltr'>Christus,</span> <span class='ocrx_word' id='word_1_123' title='bbox 601 2259 656 2342; x_wconf 90' lang='lat' dir='ltr'>qui</span> <span class='ocrx_word' id='word_1_124' title='bbox 675 2258 806 2342; x_wconf 89' lang='lat' dir='ltr'>corripit</span> <span class='ocrx_word' id='word_1_125' title='bbox 825 2260 945 2342; x_wconf 81' lang='lat' dir='ltr'>gentse,</span> <span class='ocrx_word' id='word_1_126' title='bbox 966 2257 1158 2341; x_wconf 88' lang='lat' dir='ltr'>arguendam</span> <span class='ocrx_word' id='word_1_127' title='bbox 1174 2257 1349 2322; x_wconf 86' lang='lat' dir='ltr'>adulteram</span> 
     </span>
     <span class='ocr_line' id='line_1_19' title="bbox 205 2364 1426 2450; baseline -0.002 -20"><span class='ocrx_word' id='word_1_128' title='bbox 205 2387 267 2432; x_wconf 93' lang='lat' dir='ltr'>non</span> <span class='ocrx_word' id='word_1_129' title='bbox 290 2365 443 2450; x_wconf 85' lang='lat' dir='ltr'>putauit?</span> <span class='ocrx_word' id='word_1_130' title='bbox 462 2365 620 2446; x_wconf 82' lang='lat' dir='ltr'>Christus,</span> <span class='ocrx_word' id='word_1_131' title='bbox 640 2365 694 2449; x_wconf 91' lang='lat' dir='ltr'>qui</span> <span class='ocrx_word' id='word_1_132' title='bbox 714 2365 805 2430; x_wconf 91' lang='lat' dir='ltr'>nouit</span> <span class='ocrx_word' id='word_1_133' title='bbox 823 2364 1076 2446; x_wconf 86' lang='lat' dir='ltr'>uniuscuiusque</span> <span class='ocrx_word' id='word_1_134' title='bbox 1095 2364 1198 2429; x_wconf 87' lang='lat' dir='ltr'>cordis</span> <span class='ocrx_word' id='word_1_135' title='bbox 1217 2364 1347 2440; x_wconf 86' lang='lat' dir='ltr'>interna,</span> <span class='ocrx_word' id='word_1_136' title='bbox 1423 2415 1426 2418; x_wconf 89' lang='lat'>.</span> 
     </span>
     <span class='ocr_line' id='line_1_20' title="bbox 207 2469 1435 2554; baseline 0.002 -20"><span class='ocrx_word' id='word_1_137' title='bbox 207 2470 372 2535; x_wconf 82' lang='lat' dir='ltr'>scientiam</span> <span class='ocrx_word' id='word_1_138' title='bbox 396 2471 488 2536; x_wconf 90' lang='lat' dir='ltr'>docet</span> <span class='ocrx_word' id='word_1_139' title='bbox 510 2469 602 2554; x_wconf 89' lang='lat' dir='ltr'>legia,</span> <span class='ocrx_word' id='word_1_140' title='bbox 627 2472 684 2534; x_wconf 89' lang='lat' dir='ltr'>aut</span> <span class='ocrx_word' id='word_1_141' title='bbox 704 2471 774 2535; x_wconf 85' lang='lat' dir='ltr'>falli</span> <span class='ocrx_word' id='word_1_142' title='bbox 797 2471 902 2554; x_wconf 90' lang='lat' dir='ltr'>potuit</span> <span class='ocrx_word' id='word_1_143' title='bbox 925 2473 1026 2534; x_wconf 86' lang='lat' dir='ltr'>emato</span> <span class='ocrx_word' id='word_1_144' title='bbox 1052 2471 1108 2534; x_wconf 88' lang='lat' dir='ltr'>aut</span> <span class='ocrx_word' id='word_1_145' title='bbox 1131 2474 1238 2534; x_wconf 87' lang='lat' dir='ltr'>contra</span> <span class='ocrx_word' id='word_1_146' title='bbox 1265 2469 1347 2553; x_wconf 84' lang='lat' dir='ltr'>legis</span> <span class='ocrx_word' id='word_1_147' title='bbox 1411 2482 1435 2536; x_wconf 87' lang='lat' dir='ltr'>B</span> 
     </span>
     <span class='ocr_line' id='line_1_21' title="bbox 207 2575 1394 2661; baseline 0.003 -20"><span class='ocrx_word' id='word_1_148' title='bbox 207 2578 321 2642; x_wconf 89' lang='lat' dir='ltr'>seriem</span> <span class='ocrx_word' id='word_1_149' title='bbox 344 2578 509 2642; x_wconf 76' lang='lat' dir='ltr'>iudicare?</span> <span class='ocrx_word' id='word_1_150' title='bbox 535 2580 567 2642; x_wconf 88' lang='lat' dir='ltr'>et</span> <span class='ocrx_word' id='word_1_151' title='bbox 591 2577 749 2659; x_wconf 86' lang='lat' dir='ltr'>quomodo</span> <span class='ocrx_word' id='word_1_152' title='bbox 772 2577 842 2661; x_wconf 87' lang='lat' dir='ltr'>ipse</span> <span class='ocrx_word' id='word_1_153' title='bbox 871 2577 967 2644; x_wconf 74' lang='lat' dir='ltr'>dixit:</span> <span class='ocrx_word' id='word_1_154' title='bbox 996 2595 1069 2642; x_wconf 93' lang='lat' dir='ltr'>non</span> <span class='ocrx_word' id='word_1_155' title='bbox 1098 2575 1192 2640; x_wconf 89' lang='lat' dir='ltr'>ueni</span> <span class='ocrx_word' id='word_1_156' title='bbox 1219 2576 1348 2659; x_wconf 87' lang='lat' dir='ltr'>legem</span> <span class='ocrx_word' id='word_1_157' title='bbox 1366 2605 1394 2645; x_wconf 83' lang='lat' dir='ltr'>ao</span> 
     </span>
     <span class='ocr_line' id='line_1_22' title="bbox 208 2683 1350 2772; baseline -0.002 -24"><span class='ocrx_word' id='word_1_158' title='bbox 208 2685 389 2761; x_wconf 86' lang='lat' dir='ltr'>soluere,</span> <span class='ocrx_word' id='word_1_159' title='bbox 436 2684 506 2748; x_wconf 91' lang='lat' dir='ltr'>sed</span> <span class='ocrx_word' id='word_1_160' title='bbox 542 2683 803 2772; x_wconf 81' lang='lat' dir='ltr'>adimplere?</span> <span class='ocrx_word' id='word_1_161' title='bbox 851 2684 1013 2762; x_wconf 86' lang='lat' dir='ltr'>Christus,</span> <span class='ocrx_word' id='word_1_162' title='bbox 1060 2683 1115 2765; x_wconf 90' lang='lat' dir='ltr'>qui</span> <span class='ocrx_word' id='word_1_163' title='bbox 1162 2683 1350 2748; x_wconf 86' lang='lat' dir='ltr'>condemnat</span> 
     </span>
     <span class='ocr_line' id='line_1_23' title="bbox 207 2789 1349 2875; baseline -0.003 -19"><span class='ocrx_word' id='word_1_164' title='bbox 207 2789 342 2868; x_wconf 90' lang='lat' dir='ltr'>occulta,</span> <span class='ocrx_word' id='word_1_165' title='bbox 369 2790 476 2872; x_wconf 81' lang='lat' dir='ltr'>potuit</span> <span class='ocrx_word' id='word_1_166' title='bbox 504 2789 706 2854; x_wconf 87' lang='lat' dir='ltr'>dissimulare</span> <span class='ocrx_word' id='word_1_167' title='bbox 729 2790 887 2875; x_wconf 81' lang='lat' dir='ltr'>uulgata?</span> <span class='ocrx_word' id='word_1_168' title='bbox 913 2789 1070 2867; x_wconf 85' lang='lat' dir='ltr'>Christus,</span> <span class='ocrx_word' id='word_1_169' title='bbox 1096 2789 1150 2873; x_wconf 90' lang='lat' dir='ltr'>qui</span> <span class='ocrx_word' id='word_1_170' title='bbox 1173 2790 1250 2855; x_wconf 85' lang='lat' dir='ltr'>fecit</span> <span class='ocrx_word' id='word_1_171' title='bbox 1272 2793 1349 2854; x_wconf 83' lang='lat' dir='ltr'>tem·</span> 
     </span>
     <span class='ocr_line' id='line_1_24' title="bbox 207 2895 1348 2981; baseline 0.001 -20"><span class='ocrx_word' id='word_1_172' title='bbox 207 2916 293 2981; x_wconf 85' lang='lat' dir='ltr'>pora,</span> <span class='ocrx_word' id='word_1_173' title='bbox 321 2899 427 2978; x_wconf 89' lang='lat' dir='ltr'>potest</span> <span class='ocrx_word' id='word_1_174' title='bbox 455 2895 575 2960; x_wconf 88' lang='lat' dir='ltr'>nescire</span> <span class='ocrx_word' id='word_1_175' title='bbox 602 2898 769 2977; x_wconf 86' lang='lat' dir='ltr'>tempora?</span> <span class='ocrx_word' id='word_1_176' title='bbox 799 2897 854 2978; x_wconf 92' lang='lat' dir='ltr'>qui</span> <span class='ocrx_word' id='word_1_177' title='bbox 886 2896 977 2960; x_wconf 87' lang='lat' dir='ltr'>nouit</span> <span class='ocrx_word' id='word_1_178' title='bbox 1010 2895 1218 2979; x_wconf 87' lang='lat' dir='ltr'>cogitationes</span> <span class='ocrx_word' id='word_1_179' title='bbox 1252 2915 1348 2962; x_wconf 90' lang='lat' dir='ltr'>uanas</span> 
     </span>
    </p>

    <p class='ocr_par' dir='ltr' id='par_1_4' title="bbox 164 3001 1435 3405">
     <span class='ocr_line' id='line_1_25' title="bbox 164 3001 1350 3080; baseline 0 -13"><span class='ocrx_word' id='word_1_180' title='bbox 164 3003 382 3080; x_wconf 72' lang='lat' dir='ltr'>thominnm</span> <span class='ocrx_word' id='word_1_181' title='bbox 414 3021 475 3066; x_wconf 93' lang='lat' dir='ltr'>non</span> <span class='ocrx_word' id='word_1_182' title='bbox 507 3001 599 3066; x_wconf 90' lang='lat' dir='ltr'>nouit</span> <span class='ocrx_word' id='word_1_183' title='bbox 630 3001 727 3066; x_wconf 87' lang='lat' dir='ltr'>etiam</span> <span class='ocrx_word' id='word_1_184' title='bbox 761 3003 971 3067; x_wconf 81' lang='lat' dir='ltr'>criminosas?</span> <span class='ocrx_word' id='word_1_185' title='bbox 1006 3005 1038 3067; x_wconf 87' lang='lat' dir='ltr'>et</span> <span class='ocrx_word' id='word_1_186' title='bbox 1069 3002 1140 3066; x_wconf 88' lang='lat' dir='ltr'>ideo</span> <span class='ocrx_word' id='word_1_187' title='bbox 1174 3002 1252 3067; x_wconf 86' lang='lat' dir='ltr'>satis</span> <span class='ocrx_word' id='word_1_188' title='bbox 1284 3003 1350 3068; x_wconf 90' lang='lat' dir='ltr'>illis</span> 
     </span>
     <span class='ocr_line' id='line_1_26' title="bbox 207 3093 1395 3193; baseline 0.003 -21"><span class='ocrx_word' id='word_1_189' title='bbox 207 3128 395 3192; x_wconf 89' lang='lat' dir='ltr'>responsum</span> <span class='ocrx_word' id='word_1_190' title='bbox 419 3109 471 3186; x_wconf 86' lang='lat' dir='ltr'>sit,</span> <span class='ocrx_word' id='word_1_191' title='bbox 496 3108 552 3192; x_wconf 92' lang='lat' dir='ltr'>qui</span> <span class='ocrx_word' id='word_1_192' title='bbox 575 3128 648 3173; x_wconf 91' lang='lat' dir='ltr'>cum</span> <span class='ocrx_word' id='word_1_193' title='bbox 672 3111 846 3174; x_wconf 87' lang='lat' dir='ltr'>creatorem</span> <span class='ocrx_word' id='word_1_194' title='bbox 866 3129 980 3193; x_wconf 85' lang='lat' dir='ltr'>negare</span> <span class='ocrx_word' id='word_1_195' title='bbox 999 3093 1214 3192; x_wconf 89' lang='lat' dir='ltr'>nonpossint,</span> <span class='ocrx_word' id='word_1_196' title='bbox 1234 3112 1352 3193; x_wconf 87' lang='lat' dir='ltr'>negant</span> <span class='ocrx_word' id='word_1_197' title='bbox 1369 3137 1395 3176; x_wconf 76' lang='lat' dir='ltr'>aa</span> 
     </span>
     <span class='ocr_line' id='line_1_27' title="bbox 207 3215 1349 3298; baseline -0.002 -18"><span class='ocrx_word' id='word_1_198' title='bbox 207 3219 313 3280; x_wconf 86' lang='lat' dir='ltr'>tamen</span> <span class='ocrx_word' id='word_1_199' title='bbox 345 3215 521 3298; x_wconf 88' lang='lat' dir='ltr'>potentiam</span> <span class='ocrx_word' id='word_1_200' title='bbox 554 3215 716 3291; x_wconf 84' lang='lat' dir='ltr'>creatoris,</span> <span class='ocrx_word' id='word_1_201' title='bbox 753 3216 809 3297; x_wconf 78' lang='lat' dir='ltr'>qrii</span> <span class='ocrx_word' id='word_1_202' title='bbox 848 3235 919 3281; x_wconf 90' lang='lat' dir='ltr'>cum</span> <span class='ocrx_word' id='word_1_203' title='bbox 958 3215 1146 3298; x_wconf 91' lang='lat' dir='ltr'>sapientiam</span> <span class='ocrx_word' id='word_1_204' title='bbox 1181 3216 1349 3294; x_wconf 82' lang='lat' dir='ltr'>fateantur,</span> 
     </span>
     <span class='ocr_line' id='line_1_28' title="bbox 207 3321 1435 3405; baseline 0.002 -18"><span class='ocrx_word' id='word_1_205' title='bbox 207 3321 421 3405; x_wconf 88' lang='lat' dir='ltr'>insipientiam</span> <span class='ocrx_word' id='word_1_206' title='bbox 450 3322 608 3399; x_wconf 85' lang='lat' dir='ltr'>adserunt,</span> <span class='ocrx_word' id='word_1_207' title='bbox 637 3321 803 3387; x_wconf 86' lang='lat' dir='ltr'>obiciendo</span> <span class='ocrx_word' id='word_1_208' title='bbox 833 3323 860 3386; x_wconf 87' lang='lat' dir='ltr'>ei</span> <span class='ocrx_word' id='word_1_209' title='bbox 890 3321 1127 3405; x_wconf 87' lang='lat' dir='ltr'>inprudentiam</span> <span class='ocrx_word' id='word_1_210' title='bbox 1158 3321 1348 3390; x_wconf 83' lang='lat' dir='ltr'>futurorum.</span> <span class='ocrx_word' id='word_1_211' title='bbox 1413 3333 1435 3389; x_wconf 81' lang='lat' dir='ltr'>c</span> 
     </span>
    </p>
   </div>
   <div class='ocr_carea' id='block_1_3' title="bbox 208 3547 1348 3722">
    <p class='ocr_par' dir='ltr' id='par_1_5' title="bbox 208 3547 1348 3722">
     <span class='ocr_line' id='line_1_29' title="bbox 297 3547 1348 3622; baseline 0.002 -5"><span class='ocrx_word' id='word_1_212' title='bbox 297 3564 313 3616; x_wconf 82' lang='lat'>2</span> <span class='ocrx_word' id='word_1_213' title='bbox 332 3565 430 3619; x_wconf 87' lang='lat' dir='ltr'>Psalm.</span> <span class='ocrx_word' id='word_1_214' title='bbox 449 3564 613 3619; x_wconf 83' lang='lat' dir='ltr'>LXXXXIII</span> <span class='ocrx_word' id='word_1_215' title='bbox 631 3569 648 3621; x_wconf 83' lang='lat'><strong>3</strong></span> <span class='ocrx_word' id='word_1_216' title='bbox 740 3567 773 3621; x_wconf 87' lang='grc'>10</span> <span class='ocrx_word' id='word_1_217' title='bbox 792 3566 891 3620; x_wconf 86' lang='lat' dir='ltr'>Psalm.</span> <span class='ocrx_word' id='word_1_218' title='bbox 911 3547 1074 3621; x_wconf 71' lang='lat' dir='ltr'>Lxxxxlll</span> <span class='ocrx_word' id='word_1_219' title='bbox 1094 3567 1111 3622; x_wconf 85' lang='grc'>8</span> <span class='ocrx_word' id='word_1_220' title='bbox 1198 3567 1230 3620; x_wconf 96' lang='grc'>12</span> <span class='ocrx_word' id='word_1_221' title='bbox 1251 3567 1348 3620; x_wconf 89' lang='lat' dir='ltr'>Psalm.</span> 
     </span>
     <span class='ocr_line' id='line_1_30' title="bbox 208 3652 773 3722; baseline 0.005 -17"><span class='ocrx_word' id='word_1_222' title='bbox 208 3652 373 3706; x_wconf 56' lang='lat' dir='ltr'>irxxxxm</span> <span class='ocrx_word' id='word_1_223' title='bbox 391 3655 407 3708; x_wconf 87' lang='lat'>9</span> <span class='ocrx_word' id='word_1_224' title='bbox 427 3670 466 3722; x_wconf 89' lang='lat' dir='ltr'>sq.</span> <span class='ocrx_word' id='word_1_225' title='bbox 521 3655 718 3716; x_wconf 68' lang='lat' dir='ltr'>dometius,</span> <span class='ocrx_word' id='word_1_226' title='bbox 740 3656 773 3708; x_wconf 81' lang='lat'>17</span> 
     </span>
    </p>
   </div>
   <div class='ocr_carea' id='block_1_4' title="bbox 210 3820 1353 4345">
    <p class='ocr_par' dir='ltr' id='par_1_6' title="bbox 210 3820 1353 4164">
     <span class='ocr_line' id='line_1_31' title="bbox 247 3820 1353 3903; baseline 0.005 -23"><span class='ocrx_word' id='word_1_227' title='bbox 247 3829 263 3880; x_wconf 87' lang='grc'>2</span> <span class='ocrx_word' id='word_1_228' title='bbox 288 3828 409 3898; x_wconf 85' lang='lat' dir='ltr'>psalmus</span> <span class='ocrx_word' id='word_1_229' title='bbox 426 3829 555 3884; x_wconf 80' lang='lat' dir='ltr'><em>BDB¹P</em></span> <span class='ocrx_word' id='word_1_230' title='bbox 573 3831 676 3901; x_wconf 88' lang='lat' dir='ltr'>psalmo</span> <span class='ocrx_word' id='word_1_231' title='bbox 696 3835 723 3900; x_wconf 92' lang='lat' dir='ltr'>(o</span> <span class='ocrx_word' id='word_1_232' title='bbox 740 3833 773 3885; x_wconf 79' lang='lat' dir='ltr'>iu</span> <span class='ocrx_word' id='word_1_233' title='bbox 791 3848 846 3886; x_wconf 82' lang='lat' dir='ltr'>ras.</span> <span class='ocrx_word' id='word_1_234' title='bbox 866 3836 924 3899; x_wconf 87' lang='lat' dir='ltr'>m3)</span> <span class='ocrx_word' id='word_1_235' title='bbox 948 3832 979 3886; x_wconf 88' lang='lat' dir='ltr'>T¹</span> <span class='ocrx_word' id='word_1_236' title='bbox 1088 3834 1104 3888; x_wconf 87' lang='lat'><strong>3</strong></span> <span class='ocrx_word' id='word_1_237' title='bbox 1134 3833 1251 3903; x_wconf 86' lang='lat' dir='ltr'>domine]</span> <span class='ocrx_word' id='word_1_238' title='bbox 1273 3820 1306 3887; x_wconf 71' lang='lat' dir='ltr'>de</span> <span class='ocrx_word' id='word_1_239' title='bbox 1329 3833 1353 3886; x_wconf 89' lang='grc' dir='ltr'><em>Τ</em></span> 
     </span>
     <span class='ocr_line' id='line_1_32' title="bbox 210 3917 1350 3986; baseline 0.005 -16"><span class='ocrx_word' id='word_1_240' title='bbox 210 3917 337 3986; x_wconf 86' lang='lat' dir='ltr'>5igitur</span> <span class='ocrx_word' id='word_1_241' title='bbox 354 3919 449 3972; x_wconf 90' lang='lat' dir='ltr'>om.X</span> <span class='ocrx_word' id='word_1_242' title='bbox 551 3921 771 3975; x_wconf 79' lang='lat' dir='ltr'>TerrauitXN</span> <span class='ocrx_word' id='word_1_243' title='bbox 873 3922 906 3975; x_wconf 89' lang='grc'>12</span> <span class='ocrx_word' id='word_1_244' title='bbox 930 3921 1022 3975; x_wconf 87' lang='lat' dir='ltr'>ueniat</span> <span class='ocrx_word' id='word_1_245' title='bbox 1041 3922 1069 3975; x_wconf 90' lang='lat' dir='ltr'>in</span> <span class='ocrx_word' id='word_1_246' title='bbox 1088 3938 1182 3976; x_wconf 87' lang='lat' dir='ltr'>seusus</span> <span class='ocrx_word' id='word_1_247' title='bbox 1202 3921 1350 3977; x_wconf 80' lang='lat' dir='ltr'>nostroail</span> 
     </span>
     <span class='ocr_line' id='line_1_33' title="bbox 212 4007 1350 4080; baseline 0.002 -19"><span class='ocrx_word' id='word_1_248' title='bbox 212 4008 244 4061; x_wconf 88' lang='lat'>16</span> <span class='ocrx_word' id='word_1_249' title='bbox 262 4007 368 4061; x_wconf 87' lang='lat' dir='ltr'>nescius</span> <span class='ocrx_word' id='word_1_250' title='bbox 390 4008 448 4062; x_wconf 89' lang='lat' dir='ltr'>TN</span> <span class='ocrx_word' id='word_1_251' title='bbox 460 4009 578 4062; x_wconf 84' lang='lat' dir='ltr'>nesciuit</span> <span class='ocrx_word' id='word_1_252' title='bbox 595 4016 643 4065; x_wconf 79' lang='lat' dir='ltr'>cei.</span> <span class='ocrx_word' id='word_1_253' title='bbox 718 4009 751 4064; x_wconf 88' lang='lat'>19</span> <span class='ocrx_word' id='word_1_254' title='bbox 769 4010 910 4064; x_wconf 88' lang='lat' dir='ltr'>scientiam</span> <span class='ocrx_word' id='word_1_255' title='bbox 932 4009 988 4063; x_wconf 90' lang='lat' dir='ltr'>TN</span> <span class='ocrx_word' id='word_1_256' title='bbox 1004 4014 1031 4063; x_wconf 85' lang='lat' dir='ltr'>et</span> <span class='ocrx_word' id='word_1_257' title='bbox 1049 4011 1191 4065; x_wconf 80' lang='lat' dir='ltr'>scientiam</span> <span class='ocrx_word' id='word_1_258' title='bbox 1211 4017 1267 4076; x_wconf 74' lang='lat' dir='ltr'>cet,</span> <span class='ocrx_word' id='word_1_259' title='bbox 1285 4013 1350 4080; x_wconf 82' lang='lat' dir='ltr'>sori.</span> 
     </span>
     <span class='ocr_line' id='line_1_34' title="bbox 214 4097 1351 4164; baseline 0.005 -16"><span class='ocrx_word' id='word_1_260' title='bbox 214 4097 290 4164; x_wconf 87' lang='lat' dir='ltr'>&lt;qui&gt;</span> <span class='ocrx_word' id='word_1_261' title='bbox 320 4097 460 4151; x_wconf 84' lang='lat' dir='ltr'>scientiam</span> <span class='ocrx_word' id='word_1_262' title='bbox 546 4098 658 4153; x_wconf 86' lang='lat' dir='ltr'>errando</span> <span class='ocrx_word' id='word_1_263' title='bbox 677 4099 708 4152; x_wconf 91' lang='lat' dir='ltr'><em>D</em></span> <span class='ocrx_word' id='word_1_264' title='bbox 726 4102 816 4152; x_wconf 85' lang='lat' dir='ltr'>erratu</span> <span class='ocrx_word' id='word_1_265' title='bbox 835 4099 897 4152; x_wconf 88' lang='lat' dir='ltr'>PM</span> <span class='ocrx_word' id='word_1_266' title='bbox 957 4100 991 4154; x_wconf 87' lang='grc'>23</span> <span class='ocrx_word' id='word_1_267' title='bbox 1011 4100 1113 4154; x_wconf 84' lang='lat' dir='ltr'>nescire</span> <span class='ocrx_word' id='word_1_268' title='bbox 1134 4101 1223 4154; x_wconf 82' lang='lat' dir='ltr'>onruie</span> <span class='ocrx_word' id='word_1_269' title='bbox 1241 4103 1261 4154; x_wconf 88' lang='lat' dir='ltr'>t.</span> <span class='ocrx_word' id='word_1_270' title='bbox 1281 4100 1351 4154; x_wconf 83' lang='lat' dir='ltr'>B&#39;P‘</span> 
     </span>
    </p>

    <p class='ocr_par' dir='ltr' id='par_1_7' title="bbox 211 4185 1351 4345">
     <span class='ocr_line' id='line_1_35' title="bbox 246 4185 1351 4257; baseline 0.004 -17"><span class='ocrx_word' id='word_1_271' title='bbox 246 4187 385 4240; x_wconf 91' lang='lat' dir='ltr'>hominum</span> <span class='ocrx_word' id='word_1_272' title='bbox 403 4203 488 4240; x_wconf 86' lang='lat' dir='ltr'>uanas</span> <span class='ocrx_word' id='word_1_273' title='bbox 507 4185 532 4238; x_wconf 87' lang='lat' dir='ltr'>X</span> <span class='ocrx_word' id='word_1_274' title='bbox 607 4188 642 4240; x_wconf 87' lang='grc'>24</span> <span class='ocrx_word' id='word_1_275' title='bbox 662 4186 819 4240; x_wconf 88' lang='lat' dir='ltr'>criminosus</span> <span class='ocrx_word' id='word_1_276' title='bbox 838 4187 885 4257; x_wconf 66' lang='lat' dir='ltr'>Dp</span> <span class='ocrx_word' id='word_1_277' title='bbox 905 4187 1061 4242; x_wconf 84' lang='lat' dir='ltr'>criminosos</span> <span class='ocrx_word' id='word_1_278' title='bbox 1081 4196 1126 4242; x_wconf 83' lang='lat' dir='ltr'>cei.</span> <span class='ocrx_word' id='word_1_279' title='bbox 1235 4190 1276 4243; x_wconf 92' lang='lat' dir='ltr'>illi</span> <span class='ocrx_word' id='word_1_280' title='bbox 1301 4189 1351 4243; x_wconf 88' lang='lat' dir='ltr'>TN</span> 
     </span>
     <span class='ocr_line' id='line_1_36' title="bbox 211 4275 619 4345; baseline 0.002 -18"><span class='ocrx_word' id='word_1_281' title='bbox 211 4276 245 4328; x_wconf 83' lang='lat'>27</span> <span class='ocrx_word' id='word_1_282' title='bbox 265 4275 332 4328; x_wconf 91' lang='lat' dir='ltr'>obic.</span> <span class='ocrx_word' id='word_1_283' title='bbox 352 4279 380 4329; x_wconf 83' lang='lat' dir='ltr'>et</span> <span class='ocrx_word' id='word_1_284' title='bbox 398 4276 582 4345; x_wconf 81' lang='lat' dir='ltr'>insipientiam</span> <span class='ocrx_word' id='word_1_285' title='bbox 601 4295 619 4345; x_wconf 85' lang='grc' dir='ltr'>χ</span> 
     </span>
    </p>
   </div>
   <div class='ocr_carea' id='block_1_5' title="bbox 0 0 1572 4967">
    <p class='ocr_par' dir='ltr' id='par_1_8' title="bbox 0 0 1572 4967">
     <span class='ocr_line' id='line_1_37' title="bbox 0 0 1572 4967; baseline 0 0"><span class='ocrx_word' id='word_1_286' title='bbox 0 0 1572 4967; x_wconf 95' lang='lat' dir='ltr'> </span> 
     </span>
    </p>
   </div>
  </div>
 </body>
</html>
