3100 4967
360 470 497 540 Apologia
511 469 602 525 Dauid
616 470 704 525 altera
718 471 761 535 10,
775 471 882 526 51-53
903 469 927 540 (Ι
938 471 989 526 726
999 469 1112 524 Β-727
1122 468 1164 538 Α).
1277 471 1342 534 395

197 666 313 749 spiritu
332 669 457 743 sanct03
481 667 573 731 Iesus
598 667 682 732 enim
705 667 818 749 plenus
843 665 957 750 spiritu
982 668 1090 731 sancto
1109 683 1274 749 regressus
1294 667 1344 728 est

197 794 216 838 a
242 773 385 838 Iordane.
414 774 524 839 eadem
550 774 646 838 etiam
673 777 791 856 puteus
820 773 999 850 iuramenti,
1024 772 1084 838 hoc
1108 775 1157 837 est
1179 771 1342 855 religionis

197 883 230 945 et
256 879 340 944 fidei.
369 883 403 944 et
429 880 510 945 bene
537 883 665 964 puteus,
695 880 771 963 qnia
797 880 928 946 flumine
956 880 995 945 do
1018 882 1128 944 uentre
1152 879 1221 944 eius
1244 879 1345 942 fluent

197 1005 296 1069 aquae
319 987 424 1052 uiuae.
450 987 531 1052 hanc
555 1007 630 1072 ergo
655 988 826 1052 adsumens
851 987 913 1052 sibi
937 987 1015 1052 deus
1039 988 1173 1052 uerbum
1197 987 1344 1068 copulam

163 1093 272 1158 rfecit
304 1113 375 1158 esse
405 1095 594 1178 legitimam,
629 1095 714 1178 quod
746 1093 936 1178 mysterium
970 1094 1066 1158 etiem
1101 1093 1177 1158 illae
1214 1093 1344 1175 nuptiae

197 1201 405 1275 declararunt,
429 1220 509 1283 quae
532 1201 661 1267 suntin
687 1201 828 1266 Canticis
852 1201 1057 1278 canticorum,
1080 1200 1196 1282 quibus
1216 1199 1343 1264 Christo

198 1307 332 1372 ecclesia
368 1311 402 1372 et
434 1308 562 1392 spiritui
599 1327 670 1373 caro
706 1309 808 1372 nubit.
842 1312 874 1373 et
904 1308 976 1372 ideo
1010 1307 1279 1372 circumcursabat
1313 1311 1345 1372 et

154 1467 159 1475 .
198 1415 369 1496 quaerebat
391 1414 509 1497 ubique
533 1415 585 1479 dci
606 1415 751 1493 uerbum,
776 1414 851 1497 quia
868 1416 1045 1492 uulnerata,
1064 1414 1139 1497 quia
1156 1413 1250 1493 arida,
1270 1412 1345 1495 quia
1370 1421 1392 1476 u

198 1521 340 1586 adultera
371 1522 404 1586 in
438 1522 596 1600 omnihus,
629 1522 691 1586 etsi
721 1523 916 1586 inmaculata
947 1521 980 1586 in
1014 1520 1140 1586 Christo
1173 1520 1345 1604 quaerebat

107 1625 186 1692 5210
200 1647 271 1692 caro
294 1628 411 1693 misera
432 1628 675 1711 redemptorem.
699 1629 780 1692 hanc
804 1627 865 1692 sibi
890 1627 1036 1693 Christus
1059 1626 1171 1702 iunxit,
1191 1628 1228 1689 ut
1245 1624 1345 1691 iuma-
1451 1653 1452 1656 ¹

198 1733 337 1799 culatam
368 1734 522 1812 redderet,
555 1736 634 1799 hanc
664 1735 811 1813 sociauit,
839 1737 877 1799 ut
905 1735 1043 1798 auferret
1080 1733 1283 1799 adulterium.
1312 1735 1345 1798 et

198 1841 274 1924 quia
296 1842 355 1906 sub
379 1841 450 1924 lege
475 1845 552 1920 erat,
575 1841 774 1907 moriendum
797 1841 870 1915 fuit,
894 1843 932 1904 ut
954 1840 1142 1906 liberaretur
1165 1860 1183 1904 a
1205 1841 1287 1925 lege,
1307 1843 1345 1904 ut

197 1969 253 2032 per
273 1949 363 2012 illam
386 1953 523 2013 mortem
546 1950 639 2013 uelut
657 1947 816 2030 quoddam
835 1948 917 2032 legis
937 1951 969 2012 et
987 1947 1088 2012 cernis
1108 1947 1345 2012 matrimonium

199 2057 387 2122 solueretur.
416 2059 542 2120 mortua
570 2058 620 2119 est
646 2055 747 2138 igitur
772 2055 805 2118 in
835 2053 960 2120 Christo
989 2073 1071 2130 caro,
1095 2057 1132 2118 ut
1155 2073 1212 2118 uos
1236 2053 1345 2118 morti-

154 2184 180 2224 us
197 2161 284 2227 ficati
311 2163 377 2246 legi
404 2181 461 2244 per
489 2180 603 2244 corpus
633 2161 762 2240 Christi,
788 2161 874 2226 sicut
896 2161 1060 2244 apostolus
1086 2161 1173 2240 dixit,
1199 2178 1344 2224 essemus
1371 2169 1393 2225 F

198 2269 341 2346 alterius,
371 2269 425 2351 qui
453 2289 491 2333 er
517 2269 654 2332 mortuis
681 2269 861 2346 resurrexit,
891 2271 924 2332 et
950 2268 1116 2350 passiones
1140 2265 1345 2350 cupiditates-

199 2393 260 2456 que
288 2375 390 2439 carnis
416 2377 447 2439 et
470 2375 681 2458 cogitationes
705 2379 920 2457 peccatorum,
945 2393 1026 2456 quae
1050 2393 1106 2457 per
1128 2373 1231 2458 legem
1257 2377 1346 2438 eraut

198 2481 230 2544 in
268 2481 418 2546 membris
454 2483 584 2559 nostris,
620 2483 652 2547 in
688 2484 746 2546 illa
775 2485 877 2547 morte
910 2483 1115 2558 morerentur,
1148 2499 1206 2545 nos
1238 2483 1345 2546 autem

199 2588 297 2652 soluti
330 2608 349 2653 a
377 2589 451 2673 lege
482 2589 595 2654 mortis
623 2589 715 2671 quasi
742 2609 827 2654 noua
855 2589 974 2656 Christi
1003 2587 1118 2671 copula
1143 2587 1175 2650 in
1202 2586 1344 2652 nouitate

152 2715 180 2756 ro
198 2695 331 2776 spiritus
357 2715 605 2778 resurgeremus.

108 2799 153 2863 53
243 2801 284 2864 Et
319 2804 425 2865 tamen
462 2801 517 2884 qui
547 2801 652 2885 legem
684 2801 715 2866 in
745 2800 864 2866 Christi
895 2819 984 2865 cerne
1018 2801 1183 2866 soluerunt
1211 2818 1344 2882 eamque

198 2909 391 2990 putauerunt
413 2927 483 2972 esse
507 2909 686 2974 uiolandam
712 2927 820 2972 omnes
844 2908 935 2974 iussu
958 2906 1064 2972 Dauid
1092 2927 1110 2970 a
1137 2907 1344 2972 bellatoribus

197 3014 380 3098 interempti
403 3018 488 3079 sunt.
512 3035 575 3098 quo
598 3015 715 3080 indicio
740 3015 918 3080 ostenditur
941 3015 983 3092 id,
1008 3013 1093 3096 quod
1116 3015 1147 3078 in
1170 3014 1345 3096 posteriora

198 3122 373 3186 docuemnt
405 3141 476 3186 esso
508 3123 681 3205 signatum,
710 3122 795 3206 quod
828 3141 936 3187 eorum
973 3122 1027 3204 qui
1056 3121 1216 3186 Christum
1248 3122 1344 3186 inter-

153 3227 342 3292 rcfecerunt
368 3228 476 3292 nullus
509 3229 657 3306 eueserit,
686 3229 781 3311 idque
815 3229 1053 3294 euidentissime
1085 3229 1253 3304 reueletur,
1287 3235 1442 3293 coslare

199 3352 278 3415 quos
301 3337 373 3398 ante
396 3337 531 3398 mortem
554 3335 775 3416 adsumpserat
794 3335 939 3400 Christus
964 3335 1049 3400 siout
1070 3335 1204 3400 ludaeos
1222 3335 1343 3416 perisse

197 3442 348 3524 paruulos
373 3444 404 3505 et
427 3440 588 3520 informes,
612 3461 666 3506 eos
690 3461 765 3506 uero
790 3460 869 3524 quos
892 3443 1123 3524 postmortem
1148 3441 1284 3507 adsciuit
1311 3441 1343 3506 in

198 3565 365 3611 numerum
384 3545 523 3612 filiorum
541 3567 638 3631 regno
658 3540 904 3613 esse'seruatos.
928 3548 1010 3612 unde
1033 3548 1121 3613 iuxta
1142 3548 1202 3612 hoc
1226 3553 1343 3634 myste-

287 3739 300 3792 1
321 3740 385 3793 Luc.
404 3741 431 3806 4,
451 3740 464 3793 1
521 3740 615 3794 31011.
635 3743 661 3804 7,
680 3741 715 3795 38
771 3742 805 3795 14
823 3742 899 3797 Rom.
920 3741 944 3804 7,
963 3741 1035 3795 4-6

233 3849 512 3932 lsffi'sccprffiN
527 3849 974 3934 gratiasps'sciDsps‘scicet.
1013 3865 1126 3918 tetiam
1145 3863 1341 3928 moneret.

196 3952 214 4005 6
233 3950 403 4006 declararunt
421 3951 479 4004 TN
493 3953 669 4021 designarunt
687 3959 735 4006 cet.
792 3954 806 4006 7
826 3952 949 4006 nubetX
969 3953 1016 4017 (T‘
1035 3969 1101 4006 corr.
1119 3957 1161 4006 ml
1178 3953 1268 4018 nubit)
1283 3952 1346 4006 PM

196 4039 277 4094 edei
291 4041 404 4093 uerbum
419 4041 520 4109 ubique
534 4041 605 4094 B‘P‘
660 4040 889 4105 9adulterataT
944 4029 1188 4110 lorpssibiffP‘
1244 4042 1343 4096 llsibi

196 4129 314 4182 sociauit
330 4128 395 4182 DP‘
469 4131 501 4183 1?
522 4129 689 4199 cognitiones
712 4129 803 4184 TNM
819 4130 982 4199 cognitionis
1001 4129 1031 4183 D
1100 4131 1135 4184 22
1154 4146 1300 4199 omnesque
1319 4131 1343 4184 X

197 4221 261 4285 (qne
280 4233 349 4271 erar.
368 4219 400 4270 in
421 4218 463 4286 P)
524 4219 559 4273 23
577 4219 679 4272 iudicio
697 4219 761 4273 ΗΜ
834 4219 860 4271 in
885 4218 945 4282 TN,
966 4235 1016 4272 om.
1037 4224 1085 4272 oct.
1147 4220 1182 4272 24
1199 4219 1342 4273 interfece-

196 4305 253 4357 rint
268 4305 323 4359 TN
377 4308 412 4360 25
431 4306 548 4377 ideoque
567 4306 601 4360 N
650 4309 685 4361 26
701 4293 754 4376 ’ᾗ
773 4307 831 4361 TN
845 4294 892 4360 ihs
907 4313 955 4361 cet.
1010 4307 1044 4360 28
1062 4323 1202 4360 numerum
1222 4305 1276 4362 TN
1293 4324 1342 4361 nu·

196 4409 269 4447 mero
288 4401 336 4450 cer.
